2685 3938
282 228 384 285 ΙΙΙ
418 243 534 284 X1x
568 242 597 300 7
607 221 668 305 5]
757 227 856 283 De
894 226 1227 284 contentione
1268 227 1519 284 Honesti
1553 234 1606 284 et
1659 226 1836 286 Utilis
2215 248 2290 304 33

285 419 412 468 This
439 435 545 467 was
573 434 705 466 more
733 419 921 483 unjust,
939 418 1066 466 than
1095 418 1176 466 the
1205 434 1335 466 mere
1365 420 1609 483 allowing
1631 437 1664 468 a
1693 437 1879 484 wrong,
1908 421 2054 469 when
2072 437 2179 484 you
2199 437 2293 470 can

398 507 614 564 prevent
645 502 703 549 it.
771 501 853 549 No
874 501 992 563 plea
1030 501 1092 563 of
1121 501 1413 564 expedz'ency
1443 517 1536 550 can
1569 517 1684 550 ever
1702 503 1899 566 justifit
1931 504 2179 567 intnggues
2200 503 2297 567 sor

410 583 744 647 supplantz'ng
757 583 838 630 the
859 581 1083 646 ngrlzfful
1098 582 1223 631 heir.

405 707 667 779 Etenim,
691 708 740 767 si
767 707 832 779 is,
859 706 959 783 qui
988 727 1112 767 non
1143 708 1411 768 defendit
1439 694 1712 768 iniuriam
1741 724 1937 785 neque
1958 711 2282 787 propulsat,

285 825 422 864 cum
461 816 675 883 potest,
712 804 927 865 iniuste
964 805 1120 876 facit,
1162 817 1226 864 ut
1265 805 1328 864 in
1365 805 1558 884 primo
1597 806 1748 866 libro
1786 805 2055 879 disserui,
2091 807 2283 884 qualis

285 906 595 965 habendus
651 914 742 962 est
797 902 863 975 is,
915 902 1017 979 qui
1067 921 1191 962 non
1241 905 1427 963 modo
1478 922 1599 962 non
1650 903 1896 981 repellit,
1949 906 2053 964 sed
2109 905 2288 965 etiam

285 1001 524 1062 adiuvat
574 1000 845 1060 iniuriam
864 1003 891 1059 ?
976 1001 1129 1061 Mihi
1180 1001 1425 1078 quidem
1477 1001 1653 1062 etiam
1709 1021 1880 1062 verae
1931 1004 2291 1064 hereditates

288 1119 413 1160 non
449 1102 737 1160 honestae
776 1099 1068 1171 videntur,
1107 1099 1155 1158 si
1194 1112 1330 1159 sunt
1371 1098 1679 1159 malitiosis
1715 1098 2037 1171 blanditiis,
2076 1101 2294 1160 officio·
2321 1121 2348 1174 5

289 1218 417 1257 rum
477 1216 599 1256 non
656 1196 918 1268 veritate,
978 1197 1084 1256 sed
1143 1197 1522 1257 simulatione
1579 1197 1899 1273 quaesitae.
1987 1198 2174 1274 Atqui
2231 1199 2289 1257 in

290 1294 504 1354 talibus
553 1295 728 1354 rebus
777 1293 935 1353 aliud
987 1293 1130 1353 utile
1171 1293 1487 1366 interdum,
1531 1295 1692 1354 aliud
1743 1295 2063 1354 honestum
2107 1294 2292 1356 videri

289 1395 452 1455 solet.
560 1407 651 1469 75.
727 1394 900 1452 Falso
922 1412 941 1465 3
997 1412 1133 1451 nam
1180 1393 1392 1452 eadem
1440 1391 1705 1452 utilitatis
1757 1412 1913 1469 quae
1964 1392 2292 1453 honestatis

288 1503 378 1552 est
431 1493 648 1568 regula.
738 1489 857 1566 Qui
905 1491 1022 1550 hoc
1070 1509 1193 1550 non
1242 1489 1578 1568 perviderit,
1630 1493 1707 1550 ab
1757 1492 1872 1549 hoc
1923 1493 2082 1550 nulla
2129 1493 2288 1550 fraus

288 1589 495 1662 aberit,
526 1590 756 1648 nullum
795 1587 1040 1648 facinus.
1126 1589 1223 1647 Sic
1260 1587 1420 1647 enim
1461 1586 1762 1664 cogitans:
1808 1594 1933 1647 ‘est
1971 1587 2124 1647 istuc
2163 1588 2287 1665 qui·
2326 1613 2385 1649 10

287 1689 427 1748 dem
465 1690 799 1760 honestum,
830 1706 1033 1746 verum
1070 1688 1187 1745 hoc
1224 1684 1504 1764 expedit,’
1531 1705 1622 1744 res
1662 1705 1697 1745 a
1734 1698 1944 1745 natura
1980 1688 2286 1763 copulatas

285 1787 532 1847 audebit
563 1806 756 1846 errore
783 1784 1077 1856 divellere,
1104 1783 1207 1861 qui
1228 1786 1363 1843 fons
1387 1793 1476 1842 est
1498 1781 1813 1855 fraudium,
1839 1784 2289 1853 maleficiorum,

286 1887 576 1946 scelerum
606 1885 889 1945 omnium.

294 2060 565 2109 Character
590 2060 652 2124 of
670 2077 704 2108 a
732 2061 872 2123 truly
886 2060 1013 2124 good
1028 2075 1162 2108 man.
1236 2059 1318 2107 He
1338 2058 1454 2107 will
1470 2064 1557 2106 not
1575 2058 1734 2106 choose
1754 2064 1802 2105 to
1823 2058 1932 2106 take
1953 2058 2227 2122 advantage
2247 2058 2309 2122 of

417 2144 773 2207 opportunitzes
803 2142 865 2206 of
894 2142 1078 2190 Fraua'
1103 2142 1213 2190 and
1243 2140 1613 2191 Concealment:
1655 2141 1715 2189 ke
1747 2141 1864 2189 will
1895 2157 2046 2189 never
2078 2148 2297 2204 separate

405 2225 605 2288 Justice
638 2226 748 2273 and
774 2225 1102 2288 Expediency‚
1141 2240 1239 2274 nor
1265 2225 1518 2272 entertain
1548 2241 1582 2272 a
1613 2224 1822 2287 thought
1849 2224 2012 2271 which
2044 2223 2104 2271 he
2135 2225 2305 2272 would

418 2312 506 2354 not
523 2307 643 2354 dare
662 2313 711 2355 to
734 2306 880 2369 speak
907 2306 1093 2369 openly.
1161 2305 1362 2354 Nature
1376 2305 1576 2370 sorbids
1603 2306 1684 2353 the
1713 2306 1874 2353 union
1901 2304 1963 2368 of
1982 2305 2298 2369 Expedienq

419 2389 529 2437 and
556 2389 752 2452 Wrong,
775 2404 833 2437 as
853 2389 997 2437 much
1021 2403 1077 2436 as
1099 2389 1144 2436 it
1162 2389 1269 2436 does
1289 2388 1402 2436 that
1420 2388 1483 2452 of
1492 2388 1651 2451 Riglzt
1669 2388 1780 2435 and
1805 2388 2004 2451 Wrong.

111 2520 260 2569 xlx
414 2512 647 2588 Itaque,
679 2510 726 2570 si
765 2510 849 2569 vir
889 2513 1081 2570 bonus
1120 2511 1337 2570 habeat
1376 2512 1532 2569 hanc
1569 2510 1704 2582 vim,
1738 2521 1819 2583 ut,
1853 2510 1901 2569 si
1932 2510 2127 2587 digitis
2158 2532 2296 2572 con-

291 2609 597 2688 crepuerit,
657 2609 843 2686 possit
909 2607 969 2667 in
1026 2610 1416 2685 locupletium
1475 2619 1834 2668 testamenta
1891 2629 2112 2669 nomen
2169 2610 2294 2670 eius
2326 2634 2382 2686 15

288 2707 578 2785 inrepere,
602 2708 715 2765 hac
748 2707 802 2764 vi
832 2726 956 2766 non
985 2717 1198 2778 utatur,
1225 2726 1301 2766 ne
1331 2705 1378 2765 si
1410 2709 1782 2784 exploratum
1805 2706 2048 2782 quidem
2078 2709 2294 2768 habeat

288 2803 353 2863 id
383 2806 629 2863 omnino
660 2803 963 2864 neminem
995 2822 1280 2879 umquam
1310 2803 1755 2881 suspicaturum.
1843 2809 1925 2864 At
1947 2807 2118 2865 dares
2139 2807 2294 2864 hanc

293 2900 413 2960 vim
482 2904 568 2962 M.
630 2902 863 2974 CrasSO,
924 2912 990 2961 ut
1049 2900 1392 2978 digitorum,
1425 2901 1809 2979 percussione
1864 2903 2034 2962 heres
2090 2916 2294 2980 posset

294 2997 544 3075 scriptus
594 3017 741 3070 esse,
787 2997 887 3073 qui
937 3016 999 3058 re
1046 3018 1183 3058 vera
1234 3017 1359 3057 non
1411 3010 1565 3058 esset
1613 3000 1801 3072 heres,
1845 3000 1906 3058 in
1956 3002 2103 3071 foro,
2147 2999 2292 3058 mihi

294 3098 491 3168 crede,
519 3097 772 3156 saltaret.
863 3097 1073 3154 Homo
1111 3105 1313 3154 autem
1354 3094 1539 3153 iustus
1576 3094 1764 3169 isque,
1796 3115 1974 3171 quem
2006 3096 2293 3156 sentimus
2320 3118 2384 3153 20
2451 3117 2457 3122 ·

290 3193 480 3251 virum
511 3193 753 3262 bonum,
779 3188 926 3249 nihil
955 3188 1253 3265 cuiquam,
1280 3191 1442 3266 quod
1474 3188 1536 3247 in
1565 3208 1630 3248 se
1653 3192 1975 3265 transferat,
2006 3191 2289 3252 detrahet.

293 3291 437 3348 Hoc
475 3288 576 3366 qui
606 3286 946 3359 admiratur,
977 3287 1024 3345 is
1056 3306 1119 3346 se
1148 3286 1291 3362 quid
1323 3286 1397 3345 sit
1426 3286 1511 3346 vir
1539 3286 1735 3347 bonus
1765 3287 1991 3347 nescire
2021 3290 2286 3349 fateatur.

397 3478 413 3511 ι
452 3461 709 3526 propulsat
739 3476 769 3507 a
797 3460 897 3509 suis
926 3462 987 3509 St
1013 3476 1126 3509 cum
1158 3461 1307 3517 codd„
1330 3477 1362 3508 a
1395 3462 1495 3509 suis
1524 3478 1615 3510 om.
1653 3462 1727 3509 Or
1754 3462 1835 3509 Ba
1867 3463 2031 3510 Heine
2061 3464 2161 3510 Mu
2181 3479 2293 3510 cum-

286 3559 390 3593 uno
409 3544 504 3592 cod.
536 3543 690 3589 Bern.
719 3541 768 3599 d,
795 3557 826 3589 a
845 3541 1020 3605 quovis
1044 3542 1161 3605 legit
1183 3543 1385 3590 Alanus

450 3640 569 3683 cie.
599 3624 666 3680 de
700 3622 812 3699 Off
859 3640 946 3680 111.
2096 3642 2133 3696 3
