2685 3938
316 173 415 229 ΙΙΙ
449 187 559 229 v111
593 167 695 251 36]
778 173 878 229 De
917 171 1254 229 contentione
1293 172 1543 228 Honesti
1580 177 1636 227 et
1685 171 1864 228 Utilis
2251 191 2274 228 1
2287 191 2317 244 5

312 350 375 398 ut
435 338 667 411 dicitur,
716 342 911 399 Marte
962 351 1180 399 nostro,
1270 340 1487 415 Neque
1536 337 1695 399 enim
1742 339 2065 418 quicquam
2112 354 2202 401 est
2247 343 2325 403 de

311 438 424 495 hac
472 449 638 513 parte
680 451 816 514 post
864 438 1217 498 Panaetium
1263 438 1643 514 explicatum,
1686 438 1853 515 quod
1893 437 2138 514 quidem
2179 438 2324 499 mihi

310 537 681 611 probaretur,
712 538 790 596 de
820 534 905 596 eis
933 556 1088 612 quae
1118 537 1179 593 in
1208 555 1421 595 manus
1450 554 1616 595 meas
1644 530 1929 596 venerint.

312 684 473 747 Procff
500 685 612 733 that
639 685 798 733 what
831 686 883 734 is
914 684 1170 747 morally
1201 699 1409 747 wrong
1433 692 1647 732 cannot
1679 684 1738 733 be
1770 686 1964 747 really
1994 685 2319 748 expedient,

561 770 670 816 and
695 769 996 817 whatever
1027 768 1080 816 is
1112 767 1279 830 right
1311 774 1468 815 must
1498 768 1621 815 also
1654 767 1712 815 be
1743 768 2068 831 expedient.

146 890 285 939 VIII
438 890 529 949 35.
619 873 776 933 Cum
833 871 1005 948 igitur
1061 871 1260 948 aliqua
1315 871 1543 947 species
1601 871 1871 933 utilitatis
1927 873 2165 934 obiecta
2214 886 2320 946 est,

313 969 678 1030 commoveri
721 990 965 1030 necesse
1010 976 1143 1029 est.'
1201 970 1319 1029 Sed
1368 969 1431 1041 si,
1482 988 1619 1029 cum
1665 970 1931 1029 animum
1980 972 2320 1044 attenderiS,
2352 995 2381 1049 5

315 1066 738 1144 turpitudinem
783 1066 984 1127 videas
1027 1066 1375 1127 adiunctam
1418 1067 1474 1127 ei
1515 1068 1616 1142 rei,
1662 1089 1816 1145 quae
1859 1071 2125 1146 speciem
2175 1070 2324 1131 utili-

313 1166 447 1226 tatis
487 1165 765 1238 attulerit,
797 1176 926 1225 tum
963 1185 1088 1225 non
1124 1163 1348 1225 utilitas
1386 1166 1778 1242 relinquenda
1816 1180 1919 1240 est,
1955 1170 2062 1229 sed
2100 1169 2322 1229 intelle-

311 1266 595 1341 gendum,
643 1263 745 1324 ubi
792 1263 1096 1341 turpitudo
1141 1264 1232 1335 sit,
1282 1261 1365 1323 ibi
1416 1263 1731 1324 utilitatem
1781 1285 1908 1325 esse
1954 1285 2077 1327 non
2123 1285 2318 1342 posse.

316 1362 495 1436 Quod
541 1361 591 1422 si
636 1361 782 1421 nihil
828 1372 916 1421 est
961 1372 1083 1420 tam
1129 1372 1339 1420 contra
1383 1373 1656 1421 naturam
1702 1381 1883 1439 quam
1934 1362 2323 1439 turpitudo-

312 1472 472 1520 recta
519 1459 679 1519 enim
727 1470 785 1519 et
830 1458 1249 1519 convenientia
1294 1470 1355 1519 et
1400 1460 1737 1520 constantia
1779 1473 1989 1520 natura
2026 1462 2323 1522 desiderat
2353 1484 2412 1519 10

313 1567 775 1632 aspernaturque
819 1554 1459 1632 contraria—nihilque
1503 1566 1625 1615 tam
1671 1559 1998 1615 seeundum
2051 1568 2319 1616 naturam

314 1670 493 1727 quam
535 1651 771 1724 utilitas,
815 1663 973 1711 certe
1016 1650 1076 1710 in
1123 1652 1334 1710 eadem
1379 1671 1439 1710 re
1482 1651 1703 1711 utilitas
1747 1662 1807 1712 et
1848 1653 2153 1729 turpitudo
2192 1672 2320 1713 esse

314 1769 435 1810 non
472 1760 690 1827 potest.
780 1752 1074 1827 Itemque,
1103 1749 1153 1809 si
1191 1751 1270 1810 ad
1309 1752 1686 1811 honestatem
1726 1750 1848 1810 nati
1888 1770 2091 1811 sumus
2133 1771 2320 1828 eaque

313 1859 413 1908 aut
440 1851 569 1909 sola
597 1850 932 1927 expetenda
963 1860 1070 1923 est,
1101 1860 1166 1908 ut
1196 1848 1425 1907 Zenoni
1454 1848 1645 1909 visum
1677 1862 1785 1923 est,
1817 1860 1920 1909 aut
1957 1862 2116 1910 certe
2154 1851 2319 1908 omni

313 1946 583 2023 pondere
619 1947 851 2024 gravior
877 1946 1161 2007 habenda
1188 1964 1370 2022 quam
1397 1946 1626 2024 reliqua
1654 1946 1873 2020 omnia,
1905 1947 2069 2025 quod
2098 1948 2321 2008 Aristo-
2351 1967 2406 2020 15

311 2042 414 2103 teli
461 2046 677 2126 placet,
730 2063 976 2104 necesse
1028 2056 1135 2117 est,
1184 2044 1352 2121 quod
1400 2044 1721 2103 honestum
1771 2042 1861 2117 sit,
1912 2044 1977 2104 id
2033 2064 2162 2105 esse
2218 2056 2321 2105 aut

278 2131 507 2200 ⁴solum
547 2152 649 2200 aut
686 2161 987 2201 summum
1028 2142 1298 2201 bonum:
1341 2143 1507 2217 quod
1545 2152 1745 2200 autem
1783 2143 2029 2213 bonum,
2061 2143 2123 2201 id
2162 2153 2320 2203 certe

312 2237 475 2311 utile,
508 2237 606 2310 ita,
640 2237 932 2314 quidquid
966 2241 1303 2310 honestum,
1336 2236 1396 2297 id
1427 2238 1587 2297 utile.
2244 2249 2251 2255 '

701 2387 1035 2436 Adischievous
1053 2386 1206 2451 ffcts
1225 2387 1288 2451 qf
1295 2387 1378 2436 the
1396 2393 1628 2450 contrary
1647 2387 1925 2436 sentiment.

434 2497 527 2571 36.
617 2496 754 2569 Qua
802 2513 863 2553 re
908 2512 1066 2553 error
1110 2491 1421 2552 hominum
1473 2497 1596 2553 ndn
1645 2485 2171 2572 proborum,'cum
2220 2497 2319 2555 ali·

310 2593 474 2671 quid,
507 2595 670 2670 quod
699 2593 843 2652 utile
872 2592 1065 2651 visum
1101 2604 1208 2664 est,
1239 2593 1501 2668 arripuit,
1534 2591 1597 2651 id
1635 2592 1923 2652 continuo
1961 2591 2211 2654 secernit
2242 2596 2317 2654 ab
2346 2614 2409 2651 20

310 2694 583 2751 honest0.
673 2689 841 2749 Hine
887 2689 1060 2761 sicae,
1106 2689 1247 2747 hine
1289 2709 1534 2760 venena,
1576 2689 1719 2749 hinc
1767 2692 1912 2749 falsa
1960 2702 2318 2754 testamenta

311 2796 649 2859 nascuntur,
685 2785 828 2846 hinc
868 2788 1022 2846 furta
1051 2787 1376 2861 peculatuS,
1411 2785 1797 2862 expilationes
1834 2787 2318 2866 direptionesque

311 2884 610 2945 sociorum
658 2894 718 2944 et
765 2881 1002 2956 civium,
1048 2881 1188 2943 hinc
1230 2903 1413 2960 opum
1463 2882 1793 2957 nimiarum,
1844 2881 2146 2960 potentiae
2192 2908 2315 2947 non

311 2984 606 3052 ferendae,
633 2973 639 2979 ¹
665 2993 967 3059 postremo
1019 2980 1197 3039 etiam
1255 2980 1317 3039 in
1375 2982 1571 3041 liberis
1636 2982 1972 3045 civitatibus
2029 2987 2316 3062 regnandi

310 3079 568 3140 existunt
614 3078 987 3155 cupiditateS‚
1037 3078 1253 3155 quibus
1298 3078 1447 3139 nihil
1488 3099 1601 3140 nec
1647 3081 1887 3141 taetrius
1930 3102 2042 3143 nec
2085 3084 2314 3143 foedius
2342 3104 2401 3155 25

310 3176 626 3254 excogitari
697 3187 908 3254 potest.
1019 3177 1446 3237 Emolumenta
1515 3178 1675 3236 enim
1745 3175 1937 3238 rerum
2007 3179 2314 3241 fallacibus

311 3273 543 3334 iudiciis
611 3272 832 3343 vident,
899 3291 1160 3349 poenam
1224 3292 1347 3332 non
1417 3273 1555 3333 dico
1617 3276 1832 3350 legum,
1893 3296 2073 3353 quam
2137 3297 2314 3355 saepe

410 3419 468 3468 α’]
503 3421 654 3471 quam
685 3406 768 3455 Ba
801 3405 966 3454 Heine
998 3407 1082 3453 Lu
1115 3406 1176 3454 St
1205 3421 1316 3453 cum
1351 3406 1497 3464 codd„
1536 3421 1659 3469 quas
1700 3406 1802 3453 Or:
1844 3406 1986 3461 male,
2025 3412 2159 3453 ‘cum
2196 3407 2317 3469 leges

306 3495 721 3550 perrumpuntur,
740 3487 1096 3549 perrumpitur
1113 3487 1264 3535 etiam
1278 3494 1440 3549 poena
1462 3488 1646 3549 legibus
1674 3484 1962 3534 constz'tuta'
1981 3487 2037 3534 Z.
2115 3488 2318 3551 Confert
