2685 3938
350 249 425 334 38
798 250 895 316 De
935 259 1276 317 contentione
1318 253 1565 316 Honesti
1600 265 1656 314 et
1706 251 1882 315 Utz'lis
1965 248 2093 335 [III
2125 274 2236 314 xxl
2271 257 2347 329 84

343 427 669 486 videantur.
757 428 849 498 84.
913 429 1056 486 Non
1076 427 1288 498 habe0‚
1309 429 1388 487 ad
1418 426 1573 505 volgi
1604 428 1949 505 opinionem
1981 448 2134 505 quae
2162 427 2351 486 maior

342 524 565 585 utilitas
603 546 779 601 quam
825 525 1109 603 regnandi
1142 546 1269 585 esse
1297 527 1485 603 possit
1506 547 1523 600 3
1566 526 1712 585 nihil
1741 538 1951 586 contra
1979 525 2244 585 inutilius
2274 522 2343 596 ei,

342 621 446 696 qui
496 621 558 682 id
608 623 822 684 iniuste
873 636 1228 685 consecutus
1278 623 1369 697 sit,
1420 624 1678 697 invenio,
1728 645 1865 683 cum
1914 626 1991 684 ad
2039 623 2347 684 veritatem

341 722 515 799 coepi
543 741 817 783 revocare
847 721 1153 782 rationem.

852 881 903 929 Τ
895 881 953 928 lte
987 881 1324 944 unhappz'ness
1357 880 1418 945 of
1437 898 1470 929 a
1502 880 1716 943 tyrant’s
1748 881 1853 945 life.

465 1000 724 1057 Possunt
754 996 913 1057 enim
946 996 1221 1073 cuiquam
1255 1017 1385 1057 esse
1408 998 1582 1057 utiles
1603 1018 1869 1074 angores»,
1898 997 2341 1071 sollicitudine5‚
2371 1016 2399 1069 5

341 1094 537 1153 diurni
585 1106 645 1154 et
695 1093 967 1153 nocturni
1014 1105 1224 1164 metUS,
1272 1096 1393 1154 vita
1440 1093 1785 1154 insidiarum
1828 1096 2343 1173 periculorumque

340 1191 725 1270 plenissima?

632 1338 801 1387 Mu'lti
830 1338 1006 1402 iniqui
1033 1345 1179 1402 atque
1211 1335 1431 1401 infideles
1463 1337 1622 1402 re'gno,
1652 1339 1814 1402 pauci
1842 1338 2059 1388 be'nevolz'

340 1452 533 1529 inquit
577 1452 809 1513 Accius.
898 1456 977 1512 At
1022 1452 1118 1514 cui
1164 1456 1392 1532 regno?
1433 1457 1599 1530 quod
1641 1476 1677 1513 a
1718 1457 1974 1515 Tantalo
2018 1466 2078 1515 et
2121 1458 2341 1534 Pelope

339 1551 638 1630 proditum
694 1552 817 1612 iure
876 1552 1270 1630 optinebatur.
1359 1555 1515 1611 Nam
1574 1565 1800 1630 quanto
1855 1556 2052 1632 plures
2109 1554 2164 1614 ei
2219 1553 2340 1630 regi
2375 1578 2438 1614 10

338 1660 528 1726 putaS,
566 1648 668 1725 qui
707 1647 966 1709 exercitu
1005 1650 1211 1728 populi
1252 1649 1514 1709 Romani
1553 1652 1842 1728 populum
1883 1650 2079 1729 ipsum
2116 1653 2339 1709 Roma-

340 1767 481 1806 num
512 1747 900 1825 oppressisset
927 1746 1347 1825 civitatemque
1374 1768 1498 1807 non
1528 1750 1712 1808 modo
1740 1749 2004 1821 liberam,
2032 1750 2137 1809 sed
2161 1747 2340 1809 etiam

338 1845 613 1922 gentibus
646 1845 1036 1924 imperantem
1068 1846 1282 1907 servire
1312 1847 1425 1907 sibi
1456 1845 1790 1923 coegisset?
1892 1848 1982 1924 85.
2062 1849 2246 1906 Hunc
2276 1858 2339 1906 tu

339 1962 484 2021 quas
540 1941 938 2004 conscientiae
995 1945 1158 2005 labes
1214 1943 1272 2003 in
1324 1943 1530 2004 animo
1579 1962 1787 2004 censes
1839 1943 2132 2016 habuisse,
2187 1963 2340 2021 quae

339 2044 623 2102 vulnera?
707 2041 893 2104 Cuius
931 2055 1132 2103 autem
1166 2043 1288 2103 vita
1317 2043 1429 2122 ipsi
1457 2055 1655 2121 potest
1683 2044 1841 2103 utilis
1871 2041 2015 2116 esse,
2048 2044 2341 2106 cum-eius
2375 2062 2434 2116 15

339 2136 495 2197 vitae
539 2157 611 2197 ea
655 2137 921 2198 conditio
966 2137 1056 2212 sit,
1102 2149 1167 2198 ut
1210 2137 1312 2214 qui
1355 2141 1515 2197 illam
1559 2139 1837 2217 eripuerit
1877 2140 1938 2199 in
1982 2141 2241 2202 maxima
2283 2153 2357 2202 et.

338 2235 524 2311 gratia
561 2237 787 2295 futurus
826 2235 901 2295 sit
934 2247 994 2296 et
1032 2237 1261 2313 gloria?
1346 2237 1527 2311 Quod
1567 2236 1615 2296 si
1653 2239 1803 2298 haec
1837 2238 2001 2298 utilia
2030 2259 2152 2298 non
2182 2250 2339 2312 sunt,

233 2382 239 2387 .
341 2323 494 2410 quae
533 2334 786 2394 maxime
824 2333 1119 2408 videntur,
1149 2334 1290 2411 quia
1327 2336 1507 2411 plena
1546 2345 1683 2394 sunt
1717 2335 2027 2395 dedecoris
2061 2356 2132 2396 ac
2166 2335 2340 2413 turpi-

340 2432 577 2506 tudinis,
625 2434 763 2493 satis
808 2453 1151 2512 persuasum
1195 2453 1325 2493 esse
1369 2435 1550 2493 debet
1594 2432 1742 2492 nihil
1789 2454 1917 2494 esse
1963 2435 2122 2506 utile,
2176 2435 2339 2511 quod

340 2551 463 2591 non
492 2533 812 2591 honestum
842 2531 931 2590 sit.
2372 2553 2442 2588 20

340 2678 547 2727 Several
594 2678 839 2727 instances
884 2677 947 2742 of
987 2684 1228 2741 apparent
1282 2677 1636 2740 inconsistency
1680 2678 1885 2726 between
1915 2677 2196 2742 ‘Rectitude
2241 2678 2352 2725 and

467 2761 785 2824 Expediency
798 2774 882 2810 .·-
2321 2812 2337 2824 ⁸

343 2855 379 2892 1.
453 2844 573 2893 Case
604 2841 666 2906 of
696 2842 961 2891 Fabricius
995 2843 1055 2891 in
1088 2843 1169 2892 tlte
1203 2850 1387 2892 matter
1418 2842 1480 2906 of
1503 2842 1585 2891 the
1616 2843 1829 2891 desertor
1842 2843 1986 2907 from
2019 2844 2101 2892 the
2131 2850 2272 2907 camp
2296 2842 2359 2907 of

469 2925 718 2987 Pyrrhus.

155 3060 315 3108 xxn
465 3044 557 3100 86.
647 3041 1026 3117 Quamquam
1066 3038 1128 3099 id
1159 3038 1403 3116 quidem
1434 3059 1570 3098 cum
1601 3058 1779 3116 saepe
1809 3041 1952 3099 alias
1985 3051 2107 3099 tum
2139 3039 2348 3116 Pyrrhi=

343 3140 503 3200 bello
539 3158 576 3197 a
614 3141 682 3199 C.
728 3136 998 3198 Fabricio
1036 3139 1281 3198 consule
1322 3138 1536 3197 iterum
1577 3149 1636 3198 et
1666 3158 1703 3196 a
1730 3149 1939 3197 senatu
1970 3149 2173 3197 nostro
2202 3137 2346 3197 iudi—

344 3247 541 3295 catum
578 3247 680 3296 est.
771 3236 923 3295 Cum
954 3235 1111 3294 enim
1141 3255 1244 3294 rex
1272 3235 1524 3311 Pyrrhus
1554 3236 1781 3312 populo
1811 3237 2091 3294 Romano
2123 3235 2344 3295 bellum

346 3336 498 3394 ultro
554 3333 862 3409 intulisset,
915 3353 1169 3409 cumque
1226 3334 1301 3392 de
1353 3332 1603 3411 imperio
1654 3346 1954 3393 certamen
2009 3346 2160 3393 esset
2208 3354 2343 3393 cum

343 3451 480 3508 rege
534 3450 821 3509 generoso
878 3451 946 3490 ac
995 3431 1247 3509 potenti,
1298 3434 1544 3510 perfuga
1592 3434 1670 3491 ab
1720 3451 1794 3492 eo
1844 3432 2004 3492 venit
2049 3431 2110 3490 in
2156 3444 2348 3491 castra
2375 3454 2441 3509 25

483 3584 514 3631 8
551 3581 696 3645 pauci
718 3581 948 3631 benevoli
970 3582 1052 3630 Ba
1074 3583 1239 3631 Heine
1261 3583 1323 3630 St
1341 3597 1367 3630 e
1388 3583 1485 3630 cod.
1509 3583 1664 3630 Bern.
1690 3600 1714 3631 c
1725 3599 1749 3642 ,·
1781 3584 1928 3647 vulgo
1950 3590 2063 3632 sunt
2085 3582 2205 3632 boni
