2685 3938
308 144 405 200 III
439 160 504 199 xl
539 139 640 222 49]
768 143 866 200 De
906 145 1248 201 contentione
1286 142 1540 201 Honesti
1574 148 1631 198 et
1683 139 1859 200 Utilis
2236 159 2265 197 2
2280 159 2305 197 1

296 337 574 399 Examples
604 337 666 400 os
685 336 766 384 the
798 343 1046 399 contrary,
1080 337 1241 385 where
1273 337 1355 386 the
1385 343 1685 400 appearance
1720 335 1783 400 ‘ff
1802 335 1961 400 profit
1991 335 2038 382 is
2066 334 2321 400 sacnficed

1182 426 1229 469 to
1261 421 1425 482 Duty.

425 530 540 586 Illa
567 531 885 606 praeclara,
916 528 977 587 in
1021 527 1236 605 quibus
1279 528 1557 607 publicae
1597 525 1864 588 utilitatis
1904 526 2130 606 species
2170 546 2310 605 prae

298 629 616 687 honestate
659 630 1077 688 contemnitur.
1174 630 1361 689 Plena
1401 624 1809 705 exemplorum
1854 638 1943 687 est
1984 637 2185 686 nostra
2221 645 2310 686 res

300 725 543 803 publica
571 745 708 784 cum
739 745 917 803 saepe
948 736 1075 784 tum
1106 726 1364 786 maxime
1394 727 1554 786 bello
1586 708 1813 785 Punico
1843 727 2127 798 secundo,
2157 745 2311 801 quae
2335 716 2340 719 ’

302 823 608 884 Cannensi
650 823 986 884 calamitate
1028 834 1277 902 accepta
1319 823 1573 883 maiores
1611 824 1845 883 animos
1883 824 2088 882 habuit
2130 841 2309 899 quam

295 943 583 1001 umquam
628 925 804 984 rebus
861 923 1173 984 secundis:
1237 924 1399 981 nulla
1455 921 1684 982 timoris
1731 920 2096 1002 significatiO,
2148 923 2310 980 nulla
2338 942 2366 994 5

297 1022 525 1082 mentio
567 1021 749 1100 paciS.
837 1023 1036 1080 Tanta
1077 1020 1164 1080 vis
1207 1033 1296 1081 est
1338 1019 1588 1095 honesti,
1634 1031 1700 1081 ut
1742 1020 2003 1098 speciem
2042 1018 2309 1079 utilitatis

297 1115 592 1183 obscuret.
680 1122 776 1193 48.
849 1118 1247 1179 Athenienses
1286 1139 1423 1177 cum
1466 1120 1771 1178 Persarum
1808 1117 2097 1197 impetum
2143 1120 2308 1177 nullo

300 1220 486 1279 modo
515 1227 763 1297 possent
810 1216 1095 1276 sustinere
1139 1226 1583 1291 statuerentque
1628 1227 1694 1276 ut
1738 1217 1883 1276 urbe
1927 1214 2129 1276 relicta
2171 1233 2309 1274 con·

294 1318 529 1396 iugibus
572 1329 629 1377 et
674 1316 875 1376 liberis
920 1318 1230 1375 Troezene
1274 1312 1562 1392 depositis
1608 1333 1788 1372 naves
1834 1315 2307 1373 conscenderent

294 1417 749 1491 libertatemque
789 1412 1075 1474 Graeciae
1113 1414 1301 1473 classe
1345 1412 1750 1484 defenderent,
1793 1410 2086 1488 Cyrsilum
2128 1432 2304 1488 quen·
2342 1427 2401 1464 10

294 1514 436 1573 dam
465 1513 833 1584 suadentem,
858 1521 922 1570 ut
951 1510 1012 1569 in
1043 1514 1186 1571 urbe
1216 1521 1522 1570 manerent
1552 1512 1931 1586 Xerxemque
1959 1509 2303 1586 reciperent,

294 1608 592 1686 lapidibus
621 1620 1075 1687 cooperuerunt.
1163 1611 1363 1686 Atque
1394 1609 1490 1668 ille
1530 1606 1844 1668 utilitatem
1875 1608 2043 1683 sequi
2071 1607 2307 1669 videba-

293 1717 406 1777 tur,
428 1707 533 1765 sed
556 1726 627 1766 ea
649 1707 810 1765 nulla
832 1717 956 1766 erat
979 1716 1349 1784 repugnante
1372 1707 1698 1766 honestate.
1749 1725 1842 1782 49.
1871 1704 2305 1766 Themistocles

295 1814 433 1881 post
480 1803 788 1864 victoriam
839 1803 964 1864 eius
1014 1803 1172 1878 belli,
1227 1804 1391 1881 quod
1442 1824 1578 1864 cum
1630 1803 1821 1864 Persis
1870 1803 1996 1876 fuit,
2047 1801 2193 1864 dixit
2243 1803 2303 1863 in

296 1901 580 1961 contione
624 1921 686 1961 se
727 1902 947 1962 habere
988 1901 1303 1962 consilium
1347 1901 1429 1963 rei
1471 1901 1745 1981 publicae
1785 1904 2052 1975 salutare,
2096 1904 2203 1964 sed
2241 1902 2299 1963 id
2338 1917 2394 1972 15

292 1999 425 2061 sciri
469 2020 593 2059 non
638 2020 788 2078 opus
832 2020 998 2060 esse:
1042 2000 1367 2078 postulavit
1410 2013 1476 2060 ut
1520 2003 1780 2077 aliquem
1820 2004 2077 2079 populus
2117 2004 2299 2073 daret,

292 2099 537 2178 quicum
594 2098 1076 2160 communicaret.
1176 2102 1370 2160 Datus
1426 2110 1514 2160 est
1573 2100 1875 2160 Aristides.
1968 2100 2131 2162 Huic
2187 2103 2298 2174 ille,

291 2200 541 2259 classem
598 2198 1229 2268 Lacedaemoniorum,
1282 2217 1437 2274 quae
1493 2198 1792 2258 subducta
1848 2208 2004 2259 esset
2060 2200 2137 2259 ad
2189 2201 2303 2277 Gy·

290 2298 512 2368 theum,
558 2297 714 2356 clam
762 2294 1003 2356 incendi
1052 2314 1244 2373 posse,
1291 2314 1413 2371 quo
1463 2296 1622 2356 facto
1668 2295 1854 2372 frangi
1901 2298 2301 2358 Lacedaemo-

292 2396 524 2453 niorum
569 2413 714 2472 opes
752 2413 996 2455 necesse
1034 2405 1203 2454 esset.
1293 2394 1479 2470 Quod
1517 2393 1805 2454 Aristides
1844 2414 1979 2462 cum
2019 2397 2294 2471 audisset,
2330 2415 2393 2450 20

288 2493 350 2550 in
400 2490 748 2551 contionem
800 2510 1016 2568 magna
1064 2490 1479 2568 expectatione
1528 2489 1688 2551 venit
1737 2490 2004 2568 dixitque
2052 2493 2299 2570 perutile

289 2608 418 2649 esse
474 2588 806 2661 consilium,
859 2588 1021 2664 quod
1079 2587 1516 2649 Themistocles
1573 2590 1841 2661 adferret,
1894 2592 1999 2650 sed
2056 2590 2299 2652 minime

289 2688 620 2749 honestum.
710 2690 923 2765 Itaque
962 2688 1381 2761 AthenienseS,
1415 2690 1581 2765 quod
1619 2690 1940 2749 honestum
1972 2709 2093 2750 non
2124 2702 2294 2764 esset,

285 2784 350 2844 id
398 2806 475 2846 ne
525 2788 668 2846 utile
713 2788 955 2863 quidem
999 2798 1359 2864 putaverunt
1400 2798 1709 2864 totamque
1750 2807 1883 2849 eam
1926 2808 2069 2861 rem,
2116 2809 2291 2866 quarn

288 2902 364 2942 ne
405 2883 714 2944 audierant
750 2883 1014 2960 quidem,
1050 2896 1292 2945 auctore
1321 2883 1581 2945 Aristide
1610 2886 2081 2964 repudiaverunt.
2170 2889 2297 2948 Me·
2325 2904 2383 2956 25

285 2979 396 3037 lius
446 2979 508 3037 hi
558 3000 736 3057 quarn
787 3000 916 3055 nos,
969 2981 1071 3058 qui
1121 2982 1339 3060 piratas
1391 2982 1683 3051 inmuneS‚
1736 2982 1929 3043 socios
1979 2983 2293 3061 vectigales

286 3078 593 3137 habemus,

382 3231 410 3278 3
454 3232 605 3280 saepe
640 3217 762 3266 alias
809 3220 895 3275 Or,
933 3220 1057 3283 cons.
1100 3232 1144 3268 11
1176 3221 1203 3278 ξ
1239 3234 1302 3269 20
1344 3232 1411 3268 111
1458 3222 1484 3279 ἓ
1531 3219 1594 3269 86
1627 3227 1677 3269 et
1707 3221 1819 3269 vide
1860 3221 2077 3285 Madvig
2115 3223 2285 3284 Opusc.

283 3298 436 3346 Acad.
463 3311 481 3347 1
496 3305 552 3361 p.
584 3314 695 3365 339,
719 3316 868 3364 saepe
889 3303 972 3349 Ba
993 3302 1165 3350 Heme
1180 3304 1265 3350 Lu
1288 3304 1388 3350 Mu
1443 3307 1462 3361 ΙΙ
1525 3320 1580 3353 12
1605 3305 1873 3353 obruerunt
1902 3305 1985 3353 Ba
2007 3305 2172 3353 Hez'ne
2194 3306 2293 3353 Mu

283 3396 394 3428 cum
434 3382 600 3430 Nomo
634 3389 684 3430 et
713 3383 862 3441 codd„
899 3392 1259 3448 cooperuerunt
1298 3386 1373 3434 Or
1400 3388 1475 3446 St,
1509 3389 1635 3452 conf.
1685 3390 1821 3436 Vorr.
1857 3391 1969 3437 Act.
2006 3400 2043 3445 1,
2080 3388 2161 3451 46,
2202 3405 2291 3455 119

286 3467 307 3521 u
352 3470 499 3527 atque
520 3465 670 3521 codd„
694 3465 832 3528 atqui
856 3467 901 3512 Z
920 3467 1086 3514 Heine
1109 3468 1189 3514 Ba
1213 3479 1257 3515 11
1284 3468 1384 3514 Mu
