2685 3938
323 241 407 302 42
775 236 875 292 De
914 233 1260 292 contentione
1300 231 1546 290 fflnestt'
1582 239 1637 289 et
1686 232 1862 290 Utilis
1904 226 2033 310 [ΙΙΙ
2065 249 2220 289 ΧΧῑν
2253 249 2326 307 93

323 403 764 462 medicamento
805 421 1092 478 umquam
1130 411 1342 486 postea
1380 411 1657 472 uteretur,
1690 399 1739 459 si
1777 420 1851 460 eo
1890 399 2329 460 medicamento

324 518 502 558 sanus
544 501 732 559 factus
777 500 851 559 sit
894 510 955 558 et
995 484 1164 558 annis
1208 498 1438 574 aliquot
1479 509 1616 574 post
1656 496 1930 557 inciderit
1967 498 2028 555 in
2070 497 2329 556 eundem

323 601 597 658 morbum
642 617 763 656 nec·
795 600 871 657 ab
916 617 1007 668 e0,
1047 595 1287 672 quicum
1331 594 1651 673 pepigerat,
1694 595 1969 672 impetret
2009 605 2073 654 ut
2114 592 2329 653 iterum

325 716 399 755 eo
442 696 615 756 liceat
658 696 758 767 uti,
799 695 943 773 quid
988 695 1328 756 faciendum
1371 694 1461 754 sit.
1552 696 1708 754 Cum
1751 692 1826 753 sit
1864 694 1913 752 is
1953 692 2325 762 inhumanuS‚

325 793 427 869 qui
476 812 600 852 non
648 796 957 864 concedat,
1006 813 1118 852 nec
1161 790 1215 852 ei
1258 790 1579 868 quicquam
1623 794 1723 851 fiat
1767 790 2030 862 iniuriae,
2076 791 2230 850 vitae
2272 799 2332 850 et
2358 807 2387 861 5

327 890 501 948 saluti
542 892 1082 950 consulendum.—
1165 909 1256 965 93.
1333 888 1543 963 Quid?
1584 887 1634 947 si
1674 887 1778 964 qui
1819 889 2054 966 sapiens
2093 897 2331 964 rogatus

328 986 403 1048 sit
429 989 505 1048 ab
535 1009 623 1061 e0,
656 988 761 1065 qui
791 1008 926 1049 eum
953 989 1234 1047 heredem
1264 986 1460 1056 faciat,
1491 1006 1629 1045 curn
1660 985 1714 1046 ei
1743 995 2101 1045 testamento
2130 994 2333 1045 sester-

329 1088 473 1144 tium
515 1084 747 1145 miliens
785 1084 1163 1161 relinquatur,
1204 1094 1269 1143 ut
1308 1094 1447 1142 ante
1487 1102 1666 1159 quam
1707 1081 2328 1155 hereditatem-adeat,

328 1183 461 1242 luce
516 1167 711 1258 palam
769 1183 829 1241 in
877 1183 1007 1242 foro
1058 1184 1247 1255 saltet,
1295 1180 1479 1256 idque
1530 1200 1593 1241 se
1643 1181 1930 1240 facturum
1982 1178 2329 1256 promiserit,

330 1282 493 1356 quod
541 1280 710 1341 aliter
756 1281 1038 1340 heredem
1089 1299 1224 1340 eum
1270 1282 1590 1356 scripturus
1631 1279 1730 1338 ille
1773 1299 1896 1339 non
1939 1290 2113 1352 esset,
2158 1278 2332 1337 faciat
2366 1305 2425 1339 10

331 1378 496 1454 quod
536 1377 871 1455 promiserit
913 1379 1150 1437 necne?
1235 1376 1584 1437 Promisisse
1625 1378 1847 1437 nollem
1890 1387 1950 1436 et
1987 1375 2049 1435 id
2088 1375 2334 1436 arbitror

330 1476 507 1539 fuisse
543 1476 878 1554 gravitatis:
923 1476 1206 1553 quoniam
1243 1476 1533 1554 promisit,
1565 1476 1614 1535 si
1653 1478 1867 1535 saltare
1907 1478 1967 1533 in
2005 1477 2134 1535 foro
2166 1487 2334 1551 turpe

332 1576 526 1650 ducet,
574 1574 879 1635 honestius
936 1576 1272 1645 mentietur,
1324 1574 1373 1634 si
1430 1594 1504 1633 ex
1548 1574 1875 1635 hereditate
1924 1573 2070 1631 nihil
2113 1573 2335 1650 ceperit
2413 1623 2418 1627 .

332 1694 512 1750 quam
561 1673 610 1734 si
654 1676 891 1752 ceperit,
942 1673 1055 1733 nisi
1097 1676 1248 1733 forte
1292 1693 1421 1732 eam
1468 1671 1786 1749 pecuniam
1829 1670 1890 1731 in
1933 1671 2015 1732 rei
2058 1670 2335 1749 publicae

334 1792 613 1850 magnum
668 1772 911 1849 aliquod
966 1783 1200 1848 tempus
1256 1771 1588 1842 contulerit,
1650 1783 1713 1830 ut
1769 1771 1864 1830 vel
1921 1772 2147 1843 saltare,
2197 1789 2333 1828 cum
2369 1786 2425 1839 15

160 1883 309 1932 XXV
333 1869 555 1946 patriae
610 1871 982 1929 consulturus
1038 1867 1129 1940 sit,
1190 1880 1360 1945 turpe
1418 1887 1539 1927 non
1596 1867 1684 1927 sit.
1790 1887 1883 1944 94.
1957 1871 2050 1926 Ac
2104 1887 2181 1928 ne
2236 1866 2337 1925 illa

333 1966 576 2044 quidem
631 1966 920 2045 promissa
968 1965 1258 2026 servanda
1304 1975 1461 2038 sunt,
1509 1984 1663 2041 quae
1713 1984 1835 2025 non
1882 1975 2019 2025 sunt
2067 1963 2151 2024 eis
2196 1962 2337 2041 ipsis

334 2064 515 2137 utilia,
547 2066 763 2141 quibus
790 2066 891 2124 illa
918 2062 1267 2141 promiseris·

334 2205 540 2253 Several
561 2205 705 2253 Cases
732 2205 910 2254 besides
937 2206 1107 2262 stated,
1132 2206 1356 2254 wherein
1386 2222 1418 2252 a
1440 2206 1574 2253 Man
1605 2205 1650 2253 is
1679 2212 1765 2253 not
1793 2204 1982 2267 oblzged
2004 2210 2051 2251 to
2080 2219 2226 2265 carry
2253 2210 2342 2251 out

809 2289 891 2336 his
918 2295 1258 2352 engagements
1289 2287 1401 2335 and
1410 2286 1570 2351 fulfil
1597 2286 1679 2335 his
1711 2287 1862 2342 Vows,

457 2397 557 2455 Sol
600 2396 957 2455 Phaethonti
999 2396 1139 2467 filio,
1181 2407 1247 2455 ut
1289 2395 1602 2456 redeamus
1644 2378 1721 2454 ad
1759 2396 2005 2468 fabulas,
2047 2397 2337 2455 facturum

335 2512 397 2552 se
455 2511 584 2553 esse
639 2492 785 2552 dixit
843 2492 1130 2570 quidquid
1189 2505 1467 2572 optasset.
1556 2494 1803 2571 Optavit
1859 2507 1923 2554 ut
1981 2493 2043 2554 in
2099 2514 2335 2554 currum
2366 2520 2434 2555 20

334 2589 515 2667 patris
571 2590 903 2649 tolleretur:
963 2592 1229 2650 sublatus
1281 2603 1406 2651 est:
1464 2602 1642 2668 atque
1685 2590 1749 2664 is,
1796 2603 1935 2651 ante
1977 2610 2158 2668 quam
2202 2611 2340 2651 eon-

335 2689 501 2760 stitit,
550 2687 673 2747 ictu
722 2687 982 2748 fulminis
1033 2690 1392 2767 deflagravit.
1483 2690 1731 2766 Quanto
1780 2690 1991 2749 melius
2041 2692 2228 2751 fuerat
2277 2689 2338 2748 in

337 2787 454 2846 hoc
507 2784 864 2862 promissum
913 2784 1095 2862 patris
1147 2806 1267 2845 non
1319 2805 1449 2847 esse
1499 2793 1830 2847 servatum!
1915 2787 2119 2863 Quid?
2177 2790 2339 2865 quod

336 2885 606 2945 Theseus
663 2883 856 2961 exegit
915 2883 1267 2961 promissum
1327 2905 1362 2943 a
1421 2887 1755 2963 Neptuno?
1861 2888 1973 2948 Cui
2031 2907 2169 2945 cum
2225 2898 2341 2947 tres

338 2981 678 3059 optationes
721 2984 1041 3058 Neptunus
1084 2981 1363 3055 dedisset,
1406 2984 1635 3060 optavit
1678 2984 1979 3044 interitum
2026 2984 2341 3061 Hippolyti
2371 3005 2436 3058 25

341 3080 437 3153 fili,
484 3100 621 3139 cum
664 3080 713 3139 is
755 3081 905 3156 patri
949 3093 1260 3157 suspectus
1304 3093 1462 3141 esset
1503 3084 1580 3142 de
1622 3102 1876 3143 noverca
1896 3105 1914 3156 3
1970 3101 2090 3158 quo
2134 3093 2343 3159 optato

339 3178 658 3254 impetrato
702 3177 970 3235 Theseus
1015 3175 1077 3233 in
1126 3176 1397 3235 maximis
1442 3177 1550 3236 fuit
1594 3177 1863 3238 luctibus,
1971 3196 2060 3255 95.
2138 3179 2347 3252 Quid?

441 3321 469 3368 3
497 3307 616 3354 item
641 3316 744 3354 tum
769 3308 831 3354 St
860 3322 924 3355 ex
956 3308 1109 3356 Bern.
1148 3323 1172 3355 c
1231 3310 1251 3365 ΙΙ
1314 3322 1366 3356 11
1406 3306 1707 3371 promisisset
1738 3309 1819 3357 Ba
1849 3309 2029 3365 Heine,
2065 3308 2347 3373 promisisse

341 3389 468 3436 codd.
527 3392 546 3445 ΙΙ
606 3405 665 3450 24
699 3389 844 3436 verba
874 3387 954 3438 cui
985 3389 1254 3438 cum—fuit
1290 3389 1503 3439 luctibus
1528 3393 1706 3454 spuria
1735 3407 1832 3440 esse
1864 3392 2113 3440 intellexit
2158 3391 2344 3439 Valcke-

342 3488 467 3519 naer
496 3472 568 3520 ad
604 3472 737 3520 Eur.
785 3473 941 3535 Hipp.
986 3488 1032 3522 v.
1081 3474 1204 3536 8873
1245 3481 1402 3522 totum
1448 3475 1605 3523 locum
1650 3482 1710 3523 ut
1750 3476 1985 3525 emblema
2027 3476 2224 3525 seclusit
2265 3474 2348 3522 Ba

343 3556 363 3610 n
432 3552 493 3601 26
527 3567 627 3616 quo
651 3560 823 3617 optatu
847 3555 1112 3619 impetrato
1143 3557 1203 3605 St
1229 3571 1255 3604 e
1285 3558 1440 3606 Bern.
1469 3574 1493 3605 c
