2685 3938
353 181 424 236 28
801 182 899 239 De
941 183 1281 239 contentione
1308 183 1577 240 'Honesti
1608 189 1664 239 et
1714 181 1891 240 Utilis
1996 177 2125 262 [III
2155 198 2240 239 xv
2268 182 2346 253 64

346 350 668 409 Scaevolae
711 352 951 425 factum,
998 354 1075 414 de
1122 372 1244 429 quo
1294 355 1498 430 paullo
1543 363 1681 413 ante
1727 350 1864 425 dixi,
1905 353 2138 428 placere
2182 353 2347 411 nullo

345 450 529 508 modo
568 459 782 526 potest.
873 451 1114 511 Etenim
1157 451 1405 511 omnino
1449 462 1682 510 tantum
1728 470 1791 510 se
1836 461 2014 526 negat
2055 451 2346 509 facturum

344 547 668 622 compendi
729 547 819 607 sui
875 568 1071 623 causa,
1131 552 1294 625 quod
1352 557 1482 609 non·
1535 550 1725 609 liceat.
1831 549 1996 608 Huic
2049 568 2161 609 nec
2220 550 2348 607 laus

342 663 559 720 magna
588 645 902 706 tribuenda
933 667 1046 707 nec
1073 647 1260 725 gratia
1287 658 1389 708 est.
1498 651 1588 720 64.
1663 648 1782 708 Sed
1812 646 1934 707 sive
1964 658 2024 706 et
2052 645 2348 707 simulatio

341 749 401 798 et
457 739 851 802 dissimulatio
902 745 1078 802 dolus
1133 746 1324 803 malus
1383 753 1487 818 est,
1541 763 1875 821 perpaucae
1931 762 2023 802 res
2080 754 2233 815 sunt,
2286 743 2346 802 in
2377 761 2402 813 5

343 837 558 913 quibus
587 858 709 898 non
739 840 911 900 dolus
953 843 1144 900 malus
1182 841 1294 902 iste
1335 853 1630 915 versetur3
1673 842 1795 901 sive
1825 841 1912 901 vir
1936 843 2132 901 bonus
2161 854 2249 901 est
2278 842 2344 914 is,

343 936 442 1011 qui
472 936 717 1011 prodest
757 937 974 1012 quibus
1013 950 1227 1014 potest,
1260 950 1441 999 nocet
1480 938 1723 1011 nemini,
1755 950 1914 999 certe
1950 938 2131 998 istum
2158 938 2344 998 virum

344 1033 568 1092 bonum
620 1054 744 1093 non
793 1035 966 1095 facile
1015 1035 1356 1112 reperimus,
1446 1030 1794 1113 Numquam
1851 1048 1940 1097 est
1988 1035 2162 1113 igitur
2204 1037 2345 1096 utile

343 1151 603 1208 peccare,
630 1132 771 1208 quia
799 1153 1033 1211 semper
1062 1145 1150 1195 est
1179 1145 1365 1211 turpe,
1399 1146 1458 1195 et
1481 1135 1621 1210 quia
1649 1155 1887 1212 semper
1913 1147 2000 1195 est
2028 1136 2340 1195 honestum

342 1229 528 1287 virum
560 1231 785 1289 bonum
818 1214 967 1301 esse,
999 1250 1233 1308 semper
1263 1246 1352 1291 est
1382 1231 1541 1291 utile.
2382 1250 2440 1284 10

340 1389 545 1437 Several
580 1391 825 1453 examples
868 1390 1187 1454 illustratz'ng
1222 1390 1303 1438 the
1345 1390 1481 1454 effect
1519 1390 1583 1455 of
1616 1391 1696 1438 the
1728 1391 1926 1438 Roman
1958 1390 2108 1438 Laws
2150 1391 2351 1454 against

454 1470 765 1534 fraudulent
800 1471 1015 1533 dealing,
1047 1472 1302 1535 especially
1339 1473 1398 1519 in
1436 1472 1518 1520 the
1560 1473 1662 1520 sale
1703 1472 1765 1535 os
1798 1472 1982 1528 Lands‚
2017 1472 2209 1520 Houses
2245 1474 2354 1521 and

468 1554 550 1602 the
582 1554 693 1603 like.

186 1681 315 1729 XVI
466 1671 559 1746 65.
647 1673 738 1730 Ac
776 1671 852 1730 de
892 1672 1016 1730 iure
1054 1669 1297 1746 quidem
1334 1670 1716 1747 praediorum
1746 1681 2016 1730 sanctum
2047 1672 2219 1751 apud·
2237 1691 2345 1731 nos

345 1780 432 1826 est
461 1767 586 1828 iure
614 1767 787 1841 civili,
813 1778 876 1827 ut
906 1767 967 1825 in
998 1770 1082 1827 eis
1112 1767 1443 1829 vendendis
1470 1767 1612 1828 vitia
1641 1767 1996 1840 dicerentur,
2020 1787 2175 1843 quae
2202 1778 2346 1828 nota

343 1876 538 1924 essent
569 1864 879 1925 venditori.
967 1867 1125 1924 Nam
1154 1885 1293 1926 cum
1322 1885 1397 1924 ex
1427 1865 1746 1925 duodecim
1775 1863 1989 1924 tabulis
2020 1864 2160 1924 satis
2191 1876 2346 1925 esset

343 1982 412 2022 ea
452 1960 754 2039 praestari,
798 1983 952 2040 quae
996 1976 1193 2024 essent
1236 1963 1436 2040 lingua
1480 1973 1844 2040 nuncupata,
1884 1981 2039 2037 quae
2080 1960 2180 2039 qui
2222 1960 2347 2022 infi-

340 2060 518 2120 tiatus
563 2071 736 2132 esset,
781 2061 949 2137 dupli
989 2080 1249 2139 poenam
1294 2060 1532 2134 subiret,
1577 2080 1612 2119 a
1655 2059 1793 2118 iuris
1835 2058 2122 2120 consultis
2165 2059 2342 2120 etiam
2380 2084 2436 2134 15

337 2159 681 2219 reticentiae
731 2180 925 2237 poena
967 2172 1056 2220 est
1101 2160 1441 2220 constituta.
1530 2157 1841 2235 Quidquid
1882 2157 2043 2218 enim
2087 2170 2242 2218 esset
2283 2158 2343 2217 in

338 2256 583 2335 praedio
622 2256 740 2331 viti,
774 2258 838 2317 id
866 2267 1209 2326 statuerunt,
1243 2257 1291 2316 si
1321 2256 1595 2316 venditor
1623 2256 1817 2329 sciret,
1851 2251 1962 2315 nisi
1992 2255 2343 2315 nominatim

339 2353 566 2414 dictum
597 2365 770 2426 esset,
800 2353 1083 2432 praestari
1112 2364 1401 2432 oportere.

851 2511 971 2559 Case
1002 2509 1064 2574 of
1093 2510 1172 2558 Ti.
1214 2510 1455 2559 Claudius
1494 2510 1835 2559 Centumalus.

461 2620 555 2678 66.
644 2620 750 2690 Ut,
801 2636 938 2676 cum
983 2616 1045 2676 in
1092 2637 1226 2677 arce
1267 2617 1574 2695 augurium
1617 2637 1869 2694 augures
1911 2617 2097 2678 acturi
2147 2629 2343 2678 essent

336 2715 763 2792 iussissentque
827 2714 920 2773 Ti.
1009 2716 1327 2774 Claudium
1392 2716 1831 2788 Centumalum,
1893 2715 1994 2791 qui
2054 2716 2233 2774 aedes
2280 2714 2340 2773 in
2370 2736 2436 2772 20

337 2814 545 2874 Caelio
574 2826 780 2872 monte
809 2813 1083 2884 habebat,
1109 2812 1382 2872 demoliri
1411 2832 1498 2882 ea,
1524 2830 1774 2889 quorum
1806 2813 2057 2872 altitudo
2081 2814 2340 2873 officeret

335 2910 628 2989 auspiciiS‚
679 2909 968 2972 Claudius
1024 2909 1365 2988 proscripsit
1416 2909 1668 2969 insulam
1721 2907 1761 2990 [‚
1808 2907 2141 2991 vendidit];
2198 2910 2339 2968 emit

338 3014 401 3069 P.
448 3010 802 3088 Calpurnius
861 3010 1163 3069 Lanarius,
1253 3009 1419 3069 Huic
1473 3010 1549 3068 ab
1605 3009 1920 3086 auguribus
1976 3008 2120 3069 illud
2177 3007 2338 3068 idem

334 3108 748 3168 denuntiatum
806 3118 911 3167 est.
987 3110 1199 3184 Itaque
1246 3107 1603 3185 Calpurnius
1635 3127 1771 3166 cum
1817 3106 2135 3166 demolitus
2184 3117 2339 3166 esset

401 3281 427 3314 2
465 3263 650 3313 etenim
686 3263 941 3328 qui...non
977 3261 1140 3320 liceat,
1180 3263 1296 3312 huic
1335 3263 1411 3311 Or
1442 3263 1595 3311 Beier
1643 3267 1661 3320 ΙΙ
1716 3274 1741 3325 7
1780 3270 1910 3311 recte
1945 3264 2006 3310 St
2042 3277 2153 3310 cum
2187 3262 2337 3318 codd„

334 3348 462 3396 idem
480 3347 639 3394 virum
662 3346 843 3394 iustum
866 3362 977 3394 cum
990 3345 1244 3408 plerisque
1265 3345 1414 3401 codd,
1439 3353 1571 3393 certe
1591 3360 1655 3392 ex
1675 3344 1919 3392 Lambini
1931 3343 2055 3391 coni.
2074 3342 2157 3390 Ba
2173 3342 2339 3390 Heine

333 3430 434 3478 Mu
437 3429 669 3492 plerique
684 3429 789 3476 edd.
839 3431 858 3485 ΙΙ
917 3443 972 3490 13
998 3427 1179 3475 tabulis
1194 3443 1289 3476 om.
1309 3428 1377 3475 H
1388 3427 1464 3475 Be
1479 3433 1649 3474 contra
1670 3427 1800 3474 codd.
1842 3430 1861 3484 ss
1909 3441 1968 3475 αα
1996 3424 2219 3473 vendidit
2240 3440 2336 3473 om.

334 3511 416 3560 Ba
436 3518 630 3557 auctore
658 3510 701 3558 C
697 3510 840 3564 obelo,
864 3511 1009 3557 uncis
1029 3510 1334 3557 secluserunt
1353 3510 1518 3557 Heine
1541 3510 1640 3557 Mu
