2685 3938
348 263 426 317 44
800 247 896 305 De
936 247 1278 305 contentione
1316 248 1571 305 Honesti
1604 254 1658 304 et
1707 247 1885 305 Utilis
1927 244 2055 327 [III
2086 250 2239 304 'XXVI
2273 263 2345 322 97

350 446 408 493 B.
479 445 852 509 Wherefalse
873 446 1254 509 Expediency
1274 463 1455 496 comes
1477 448 1604 496 into
1628 446 1878 511 conflict
1896 446 2041 495 with
2072 446 2344 510 Courage.

350 527 455 576 CH.
479 515 869 575 XXVI—xxxa.
941 528 1078 576 That
1105 529 1322 592 nothing
1335 546 1429 577 can
1459 530 1510 578 be
1530 531 1788 593 expedient
1806 530 1967 578 which
1991 530 2037 578 is
2055 537 2288 592 contrary
2306 535 2355 578 to

524 609 605 657 tlte
626 609 793 657 virtue
813 609 876 673 of
884 609 1156 667 Fortitude‚
1178 610 1351 658 shown
1358 609 1501 673 from
1523 611 1604 659 tlte
1623 611 1869 673 examples
1889 611 1952 675 (ff
1968 612 2174 674 Ulysses,

144 731 326 781 XXVI
477 732 569 791 97.
657 714 823 774 Utile
878 713 1190 773 videbatur
1245 714 1429 786 Ulixi,
1476 727 1542 773 ut
1598 714 1839 792 quidem
1890 717 2104 791 poetae
2155 714 2354 792 tragici

356 811 968 887 prodiderunt—nam
1040 813 1200 889 apud
1273 814 1610 871 Homerum
1676 822 1985 888 optumum
2052 823 2355 873 auctorem

357 908 488 968 talis
545 909 622 968 de
680 908 857 969 Ulixe
912 911 1073 969 nulla
1129 907 1380 986 suspitio
1431 920 1616 981 est—,
1671 910 1778 969 sed
1826 908 2171 970 insimulant
2220 930 2357 969 eum

358 1006 696 1083 tragoediae
735 1006 1112 1066 simulatione
1151 1004 1417 1066 insaniae
1457 1005 1726 1065 militiam
1747 1008 2172 1083 ,supterfugere
2199 1008 2356 1066 volu-

358 1106 489 1166 isse.
576 1107 719 1165 Non
753 1107 1070 1165 honestum
1111 1104 1442 1176 consilium,
1476 1117 1536 1163 at
1573 1104 1735 1175 utile,
1767 1116 1830 1164 ut
1870 1105 2082 1181 aliquis
2112 1106 2359 1164 sortasse
2389 1125 2417 1179 5

359 1202 586 1277 dixerit,
637 1223 880 1281 regnare
933 1215 994 1264 et
1041 1205 1285 1263 Ithacae
1332 1203 1527 1263 vivere
1578 1203 1770 1264 otiose
1815 1223 1951 1263 cum
1997 1203 2357 1281 parentibUS‚

360 1322 496 1361 cum
539 1322 736 1373 uxore,
779 1321 915 1360 cum
951 1301 1090 1361 filio.
1180 1302 1389 1361 Ullum
1430 1312 1493 1360 tu
1532 1303 1716 1361 decus
1755 1300 1816 1360 in
1853 1299 2170 1361 cotidianis
2205 1299 2362 1359 labo-

362 1402 521 1461 ribus
552 1413 610 1462 et
639 1401 912 1478 periculis
940 1421 1079 1461 curn
1112 1403 1223 1460 hac
1252 1402 1673 1478 tranquillitate
1697 1404 2125 1462 conferendum
2148 1401 2365 1477 putas?

364 1502 497 1576 Ego
552 1520 692 1559 vero
747 1499 921 1560 istam
971 1502 1480 1561 contemnendam
1531 1513 1590 1561 et
1639 1500 2033 1573 abiciendam,
2081 1498 2363 1578 quoniam

364 1617 517 1674 quae
583 1598 834 1657 honesta
900 1616 1022 1655 non
1089 1597 1163 1656 sit
1203 1617 1297 1657 ·ne
1355 1597 1559 1658 utilem
1615 1597 1858 1674 quidem
1916 1616 2044 1657 esse
2099 1596 2361 1657 arbitror.
2398 1620 2458 1656 10

368 1697 461 1771 98.
536 1693 700 1768 Quid
750 1693 907 1753 enim
952 1693 1284 1754 auditurum
1332 1706 1506 1770 putas
1547 1694 1727 1755 fuisse
1772 1696 2030 1767 Ulixem,
2075 1696 2121 1753 si
2166 1693 2227 1753 in
2270 1693 2368 1751 illa

368 1790 742 1850 simulatione
780 1791 1313 1867 perseveravisset?
1356 1791 1458 1867 qui
1497 1810 1633 1850 curn
1674 1791 1958 1850 maximas
1995 1811 2086 1851 res
2125 1793 2368 1868 gesserit

368 1889 430 1947 in
461 1890 634 1964 belle,
672 1901 872 1948 tamen
903 1890 1052 1948 haec
1082 1887 1286 1948 audiat
1315 1889 1392 1947 ab
1422 1887 1607 1948 Aiace
1631 1912 1644 1948 τ

805 2008 967 2055 Cuius
1000 2006 1099 2070 lpse
1121 2010 1356 2073 princeps
1389 2009 1523 2058 iu'ris
1556 2008 1772 2058 iurandi
1783 2009 1918 2073 fuit,

798 2089 934 2152 quod
958 2088 1121 2137 omnes
1151 2091 1303 2150 scitis,
1341 2090 1474 2139 solus
1506 2089 1723 2154 neglexit
1736 2090 1913 2154 fidem.
2406 2097 2463 2148 15

784 2169 967 2233 furere
998 2169 1319 2227 Adsimulare,
1355 2175 1421 2220 nl
1448 2173 1608 2232 coiret,
1650 2170 1858 2220 institit.

799 2252 935 2316 quod
958 2250 1024 2300 ni
1051 2253 1315 2301 Palamedi
1332 2253 1599 2316 perspicax
1619 2252 1897 2318 prude‘ntia

803 2333 953 2383 istius
974 2325 1232 2397 perspexet
1262 2334 1564 2384 mdlitiosam
1596 2334 1874 2395 auddciam,

786 2411 902 2477 fide
927 2420 1147 2461 sacratae
1180 2412 1264 2461 iu's
1284 2419 1523 2476 perpetuo
1538 2412 1762 2478 sdlleret.

379 2538 471 2595 99.
561 2517 659 2577 Illi
700 2538 839 2577 vero
883 2538 1006 2578 non
1051 2519 1235 2578 modo
1277 2539 1415 2577 cum
1454 2519 1740 2593 hostibuS,
1783 2540 1984 2579 verum
2026 2518 2203 2579 etiam
2241 2538 2375 2576 curn
2408 2542 2476 2577 20

379 2618 671 2690 fluctibuS,
704 2614 767 2675 id
805 2617 970 2691 quod
1009 2615 1164 2691 fecit,
1196 2615 1480 2677 dimicare
1511 2618 1719 2677 melius
1758 2617 1864 2676 fuit
1899 2637 2078 2695 quarn
2111 2618 2380 2676 deserere

380 2713 853 2773 consentientem
884 2712 1197 2773 Graeciam
1227 2714 1302 2772 ad
1334 2715 1553 2773 bellurn
1587 2713 1848 2774 barbaris
1877 2715 2265 2774 inferendum.

510 2863 620 2911 and
628 2833 696 2927 of
708 2862 942 2925 Regulus,
966 2862 1077 2910 wlzo
1098 2862 1217 2909 held
1229 2861 1444 2926 himself
1462 2862 1630 2910 bound
1644 2869 1691 2910 to
1711 2863 1824 2925 keep
1845 2862 1923 2910 his
1942 2863 2084 2910 word
2096 2878 2211 2910 even
2231 2869 2287 2910 at
2306 2862 2386 2909 tlte

501 2946 639 3008 peril
655 2942 716 3007 of
725 2945 806 2992 his
827 2943 932 3007 lzfi,
957 2955 1053 2992 cn.
1077 2955 1469 2993 xxvr—xxx11.

507 3054 623 3113 Sed
653 3050 993 3111 omittamus
1024 3061 1082 3110 et
1108 3052 1335 3110 fabulas
1366 3062 1425 3110 et
1454 3064 1726 3112 externa:
1761 3053 1839 3111 ad
1867 3072 1986 3111 rem
2013 3055 2226 3111 factam
2256 3071 2389 3111 nos-

386 3162 653 3227 tramque
683 3148 1002 3208 veniamus
1093 3151 1176 3207 M.
1211 3148 1428 3208 Atilius
1460 3151 1740 3227 Regulus»,
1776 3170 1911 3209 cum
1938 3152 2148 3210 consul
2178 3150 2384 3210 iterum

388 3248 449 3308 in
494 3246 692 3307 Africa
750 3267 826 3307 ex
879 3244 1106 3306 insidiis
1150 3258 1362 3323 captus
1406 3259 1561 3307 esset
1617 3248 1771 3307 duce
1816 3248 2166 3326 Xanthippo
2210 3250 2388 3308 Lace-
2413 3270 2478 3324 25

389 3344 726 3416 daemonio,
760 3344 1114 3420 imperatore
1160 3356 1361 3404 autern
1411 3357 1577 3423 patre
1632 3345 1990 3406 Hannibalis
2030 3344 2389 3418 Hamilcare,

493 3509 517 3552 5
558 3494 704 3541 verba
741 3503 795 3542 ut
834 3494 1011 3557 aliquis
1049 3495 1253 3545 fortasse
1297 3496 1478 3546 dixerit
1510 3498 1817 3547 Heumanno
1857 3505 1907 3547 et
1937 3498 2247 3562 Heusingero
2291 3497 2394 3545 iam

392 3581 609 3636 suspecta
628 3574 930 3622 secluserunt
950 3576 1032 3623 Ba
1054 3577 1219 3624 Heine
