2685 3938
614 207 919 266 NOTES
999 209 1178 268 Boox
1210 209 1311 266 III
1341 227 1413 267 cc
1440 224 1562 267 xm
1593 222 1706 266 x1v
1733 208 1790 283 §g
1820 222 1891 282 57
1927 207 2002 281 58
2201 223 2312 280 109

401 383 462 425 1³.
487 383 587 439 2⁸,
609 381 647 425 1.
670 382 715 428 1.
787 380 1194 440 numentanus]
1219 379 1327 429 sub.
1356 380 1637 442 negotiator.

401 461 440 507 1.
477 463 524 506 2.
590 470 762 517 neque
801 461 942 508 enim
979 462 1037 508 id
1075 465 1161 509 est
1195 464 1368 510 celare
1401 460 1529 520 cet]
1573 459 1656 508 i.e.
1692 459 1847 507 celare
1885 474 1985 507 non
2020 463 2092 507 est
2129 457 2317 506 reticere

304 539 519 602 aliquid,
565 540 910 605 qualecumque
949 542 1008 590 id
1043 548 1123 599 est,
1170 544 1185 568 ⁶
1199 541 1286 592 the
1330 542 1468 591 truth
1511 542 1572 599 is,
1609 540 1709 590 this
1751 541 1873 590 does
1916 547 2006 589 not
2051 540 2315 590 constitute
2347 539 2361 544 '⁴

304 620 665 681 concealment,
704 622 921 686 namely,
957 623 1202 674 reticence
1234 624 1357 673 with
1391 630 1583 689 respect
1616 631 1669 672 to
1701 639 1801 687 any
1832 630 2026 682 matter,
2065 622 2317 672 whatever

305 704 345 754 it
382 703 441 764 ia,
484 704 572 753 but
611 705 954 755 concealment
993 707 1204 756 consists
1242 707 1295 755 in
1330 706 1507 769 hiding
1545 704 1830 768 something
1864 719 1961 768 you
2000 705 2154 753 know
2187 703 2314 753 from

306 787 473 836 others
493 785 571 836 for
602 787 685 836 the
709 787 831 837 sake
852 787 910 836 of
936 803 1061 851 your
1090 803 1204 838 own
1232 789 1529 851 advantage,
1557 786 1702 835 when
1724 786 1764 834 it
1787 785 1830 835 is
1850 784 1928 834 for
1952 785 2085 834 their
2112 785 2312 835 interest

306 875 360 918 to
388 869 541 918 know
570 868 646 918 it.'
713 869 918 920 Grotius
948 871 984 918 1.
1007 886 1052 920 c.
1080 883 1123 919 11
1149 871 1217 919 xii
1240 885 1271 935 9
1304 869 1604 919 determines
1637 869 1745 916 that
1780 866 1998 916 Cicero's
2030 867 2137 916 rule
2166 866 2314 917 holds

305 951 439 1013 good
472 951 595 999 with
627 952 803 1016 regard
838 953 957 1016 only
990 959 1044 1001 to
1076 953 1245 1016 points
1276 951 1443 1001 which
1477 953 1623 1000 affect
1657 951 1743 1000 the
1776 950 1921 1014 thing
1950 949 2099 1010 itself,
2133 966 2205 1011 85,
2238 950 2314 1000 for

304 1030 542 1093 instance,
570 1031 616 1081 if
628 1048 660 1080 a
680 1032 837 1082 house
859 1031 1026 1082 which
1047 1033 1091 1082 is
1112 1039 1166 1082 to
1187 1031 1253 1082 be
1273 1033 1387 1082 sold
1408 1033 1452 1083 is
1473 1032 1760 1096 unhealthy.

402 1113 459 1159 id
480 1115 565 1162 est
585 1116 774 1171 celare,
799 1116 1057 1172 qudquid
1084 1114 1330 1174 reticeas]
1366 1130 1397 1161 a
1418 1114 1543 1163 kind
1566 1115 1622 1163 of
1649 1112 1956 1176 brachylogy
1977 1112 2053 1161 for
2081 1112 2232 1161 celare
2249 1118 2317 1160 est

305 1192 503 1243 reticere
520 1195 735 1258 aliquid,
763 1196 1012 1260 quidquid
1029 1196 1086 1243 id
1101 1202 1168 1243 est
1186 1196 1320 1260 quod
1335 1197 1547 1245 reticeas.

401 1277 440 1323 1.
465 1280 511 1324 8.
577 1280 672 1325 sed
689 1276 831 1337 cum]
852 1277 939 1327 i.e.
962 1278 1049 1326 sed
1066 1278 1126 1326 id
1140 1284 1211 1326 est
1228 1278 1381 1326 celare
1398 1294 1528 1326 cum.

400 1363 438 1409 1.
460 1364 506 1408 Β.
573 1361 852 1421 simplicis]
882 1359 1060 1425 ‘open’
1086 1359 1302 1424 (ἁπλοῦ),
1324 1362 1559 1419 meum,
1581 1358 1786 1416 ‘frank,’
1806 1361 2026 1416 versuti,
2055 1364 2175 1408 ‘one
2196 1359 2313 1408 who

304 1441 463 1491 twists
496 1441 598 1490 and
630 1442 804 1500 turns‚’
841 1440 1103 1502 ‘evasive‚’
1137 1444 1362 1503 obscuri,
1412 1442 1768 1506 ‘mysteriouS,'
1804 1441 1992 1499 ‘dark,’
2026 1441 2278 1490 ‘reserved
2299 1439 2312 1462 ’

307 1524 458 1585 (Hor.
488 1523 648 1588 Epist.
680 1536 699 1572 1
730 1526 790 1574 18
811 1523 844 1573 l.
872 1538 937 1590 94
957 1532 1093 1589 saepe
1114 1525 1355 1574 modestus
1374 1532 1572 1588 occupat
1599 1523 1832 1575 obscuri
1856 1522 2090 1588 speciem),
2118 1526 2304 1582 astuti,

308 1609 321 1632 ‘
336 1605 525 1669 crafty,’
560 1606 795 1670 properly
831 1623 928 1657 one
963 1607 1079 1656 who
1112 1607 1202 1657 has
1241 1607 1478 1672 acquired
1513 1607 1722 1656 wisdom
1758 1605 1827 1670 by
1857 1606 2158 1655 intercourse
2189 1604 2311 1653 with

303 1688 565 1748 mankind,
592 1691 865 1748 malitiosi,
897 1689 1295 1754 ‘ill-designing’
1322 1688 1424 1753 (see
1448 1702 1468 1739 1
1496 1705 1557 1741 10
1580 1691 1608 1750 5
1635 1704 1694 1752 33
1726 1688 1972 1738 malitiosa
2001 1689 2133 1737 iuris
2156 1687 2310 1737 inter-

294 1769 612 1836 pretatione),
637 1774 836 1829 caffldl,
867 1774 1149 1838 ‘cunning,’
1178 1773 1306 1823 from
1337 1775 1484 1822 calleo
1513 1785 1556 1822 11
1581 1774 1608 1833 5
1636 1788 1710 1832 10,
1737 1774 2071 1829 veteratoris,
2101 1772 2196 1819 ‘an
2224 1771 2310 1820 old

305 1849 492 1916 rogue‚'
517 1852 588 1910 15
615 1850 725 1913 146,
754 1864 823 1902 111
847 1854 875 1913 5
902 1869 976 1902 11.

401 1935 440 1980 1.
464 1936 510 1981 9.
568 1933 789 1995 mutilo]
822 1949 887 1983 an
918 1935 1227 2000 euphemism
1258 1936 1334 1986 sor
1365 1935 1675 1996 damnosum,
1706 1946 1751 1985 11
1781 1936 1894 2000 549
1904 1934 2248 1999 perniciosum
2268 1942 2311 1984 et

306 2017 535 2066 inutilem
557 2018 726 2065 civem.
794 2015 977 2080 Comp.
1000 2031 1104 2065 non
1124 2024 1246 2079 opus
1265 2022 1333 2064 est
1352 2018 1380 2076 5
1401 2030 1482 2082 49.

399 2101 656 2149 fitiorum
687 2102 866 2147 subire
896 2099 1132 2160 nomina]
1165 2115 1222 2148 so
1252 2099 1418 2148 subire
1445 2097 1682 2158 crimina,
1702 2096 1946 2162 pen'cula,
1958 2103 2174 2160 poenam
2196 2096 2224 2157 5
2246 2095 2307 2158 65

302 2181 340 2230 l.
370 2192 444 2243 15.

1038 2443 1386 2494 CHAPTER
1430 2442 1564 2492 XIV

398 2593 425 2651 5
450 2597 553 2653 ⁸8,
573 2595 613 2640 1.
636 2596 713 2640 11.
782 2594 1043 2641 orationis
1062 2590 1386 2651 vanitatem]
1420 2590 1451 2639 i.
1462 2605 1506 2640 e.
1533 2590 1549 2616 ‘
1564 2589 1777 2654 positive
1798 2588 2094 2650 falsehood‚'
2119 2603 2141 2641 1
2162 2593 2191 2652 5
2218 2606 2310 2654 150

302 2673 445 2721 nihil
450 2673 725 2740 proficiant
745 2673 853 2723 nisi
871 2674 1136 2723 admodum
1155 2674 1482 2730 mentiantur,
1502 2689 1588 2722 nec
1608 2688 1719 2722 vero
1737 2677 1808 2720 est
1823 2671 2092 2737 quidquam
2109 2677 2312 2740 turpius

300 2756 590 2815 vanitate,
615 2758 642 2816 5
669 2769 756 2818 151
791 2756 967 2804 multis
996 2756 1103 2804 sine
1132 2755 1407 2804 vanitate
1440 2754 1735 2819 impertiens,
1770 2754 1882 2803 Liv.
1907 2766 2049 2806 xxxx
2073 2771 2138 2822 49
2166 2774 2309 2822 quem

282 2899 287 2902 ο
289 2837 619 2900 percunctari
636 2842 795 2902 posset
810 2844 1029 2898 senatus,
1056 2837 1187 2901 quid
1201 2843 1410 2901 praetor
1427 2837 1538 2886 veri
1557 2836 1773 2886 vanive
1796 2836 2014 2902 referret,
2039 2851 2223 2889 xxxlv
2250 2856 2307 2891 12

300 2925 438 2984 saepe
456 2935 615 2968 vana
626 2927 725 2984 pro
746 2919 878 2969 veris
897 2920 1117 2968 maxime
1138 2918 1197 2967 in
1219 2919 1335 2968 bello
1354 2917 1576 2968 valuisse.

397 3004 436 3050 1.
460 3006 537 3051 12.
603 3014 700 3050 nec
731 3002 1017 3063 infacetus]
1057 3002 1174 3049 ‘not
1207 3000 1421 3050 without
1453 2998 1579 3060 wit,’
1606 3011 1626 3048 1
1648 3002 1676 3060 5
1711 3016 1820 3065 103.
1888 3001 1940 3051 A
1972 3003 2223 3067 specimen
2258 3005 2313 3053 of

301 3083 390 3134 the
417 3082 506 3133 wit
540 3083 599 3132 of
626 3083 848 3133 Canius
880 3083 924 3133 is
954 3083 1103 3147 given
1136 3081 1205 3146 by
1231 3082 1411 3133 Cicero
1443 3082 1508 3131 de
1538 3089 1663 3132 orat.
1692 3094 1737 3132 11
1763 3084 1791 3143 5
1818 3085 1912 3134 280
1943 3099 2056 3133 cum
2089 3086 2310 3135 Scaurus

300 3171 548 3214 accusaret
576 3164 840 3229 Rutilium
868 3164 1100 3224 ambitus,
1126 3179 1240 3214 cum
1271 3165 1371 3229 ipse
1398 3164 1572 3212 consul
1597 3169 1715 3213 esset
1725 3163 1917 3227 factus,
1950 3164 2036 3213 ille
2062 3166 2308 3229 repulsam

302 3246 508 3301 tulisset,
533 3251 578 3294 et
598 3246 657 3294 in
678 3247 782 3295 eius
801 3246 987 3295 tabulis
1014 3246 1274 3295 ostenderet
1291 3246 1482 3294 litteras
1501 3246 1570 3293 A.
1595 3246 1654 3295 F.
1681 3245 1744 3294 P.
1769 3246 1836 3295 R.
1859 3246 2004 3310 idque
2027 3248 2200 3296 dt'ceret
2217 3263 2313 3298 esse

304 3330 501 3376 ‘actum
519 3326 632 3391 fide
660 3328 723 3377 P.
759 3326 988 3388 Rutilii,’
1018 3328 1250 3377 Rutilius
1283 3334 1467 3388 autem,
1505 3327 1651 3376 ‘ante
1664 3326 1885 3392 sactum,
1913 3333 2028 3391 post
2057 3328 2306 3389 relatum,'

303 3407 364 3459 C.
401 3408 632 3458 Canius
664 3425 802 3473 eques
834 3409 1098 3459 Romanus
1130 3425 1242 3460 cum
1275 3409 1413 3473 Ruso
1445 3409 1641 3469 adesset,
1665 3408 1910 3458 exclamat
1939 3415 2176 3457 netarum
2206 3408 2310 3458 illis

303 3489 486 3537 litteris
505 3489 762 3538 declarari.
833 3494 846 3518 ‘
863 3491 1005 3554 Quid
1018 3491 1166 3557 ergo?
1177 3491 1187 3513 '
1212 3491 1389 3557 inquit
1413 3489 1996 3539 Scaurus.—‘Aemilius
2008 3488 2154 3552 fecit,
2176 3490 2306 3553 plec-

301 3572 434 3621 titur
452 3570 695 3621 Rutilius.
706 3569 718 3592 ’
