2685 3938
304 202 381 255 30
761 183 859 239 De
898 183 1236 240 contentione
1273 182 1523 241 Honesti
1558 190 1615 240 et
1663 184 1839 242 Utilis
1904 179 2034 262 [III
2064 200 2199 241 xv11
2231 186 2306 256 69

303 352 479 401 Moral
506 350 863 415 Philosophy
881 368 993 416 goes
1003 352 1218 417 further
1243 353 1371 401 than
1385 353 1800 418 jurisprudence,
1829 354 1992 402 which
2023 354 2069 402 is
2091 353 2317 418 confined

552 432 611 481 in
633 433 700 480 its
719 434 971 496 operation
992 440 1040 482 to
1062 435 1174 482 tlzat
1190 434 1354 482 which
1377 435 1423 482 is
1443 435 1682 485 material
1697 435 1807 482 and
1820 436 2060 498 objective.

118 556 277 605 XVII
428 548 543 606 Sed
583 546 751 605 aliter
786 548 964 623 legeS,
995 549 1164 607 aliter
1189 547 1533 626 philosophi
1560 549 1779 606 tollunt
1804 546 2087 606 astutias:
2129 549 2306 624 legeS,

308 656 600 722 quatenus
633 664 812 703 manu
842 656 1044 705 tenere
1072 658 1341 724 possunt,
1373 646 1731 724 philosophi,
1763 657 2055 722 quatenus
2083 645 2309 705 ratione

309 753 369 801 et
397 741 812 819 intellegentia.
888 742 1070 801 Ratio
1100 763 1240 819 ergo
1268 744 1386 802 hoc
1413 745 1690 822 postulat,
1727 762 1805 802 ne
1834 742 1977 818 quid
2006 742 2306 814 insidiose,

310 861 385 900 ne
423 839 568 916 quid
607 839 896 913 simulate,
928 860 1005 900 ne
1035 842 1181 917 quid
1209 841 1510 901 fallaciter.
1600 843 1830 902 Suntne
1860 840 2034 918 igitur
2060 840 2309 900 insidiae

310 940 555 999 tendere
589 941 811 1017 plagas,
840 939 1022 1023 etiam
1060 940 1110 998 si
1149 941 1507 1000 excitaturus
1543 960 1667 1000 non
1696 941 1775 998 sis
1805 959 1918 999 nec
1946 939 2310 1016 agitaturus?
2336 951 2364 1005 5

310 1037 474 1115 ipsae
516 1037 675 1097 enim
719 1038 879 1097 ferae
920 1040 1087 1097 nullo
1129 1041 1481 1115 insequente
1521 1059 1700 1117 saepe
1738 1039 2024 1098 incidunt.
2112 1039 2210 1100 Sic
2249 1052 2310 1097 tu

312 1137 491 1195 aedes
525 1135 871 1213 proscribas,
905 1137 1169 1199 tabulam
1209 1148 1514 1213 tamquam
1553 1138 1789 1215 plagam
1818 1157 2005 1215 ponas
2036 1133 2305 1217 [domum

311 1247 551 1312 propter
592 1233 735 1293 vitia
774 1232 1043 1315 vendas]‚
1087 1235 1147 1293 in
1192 1255 1326 1294 eam
1367 1236 1580 1312 aliquis
1624 1236 1881 1295 incurrat
1922 1236 2311 1313 imprudens?

313 1335 406 1408 69.
496 1334 638 1392 Hoc
693 1351 1057 1408 quamquam
1111 1333 1290 1393 video
1345 1346 1587 1412 propter
1641 1334 2126 1412 depravationem
2175 1353 2313 1393 con-

313 1428 640 1489 suetudinis
679 1449 876 1506 neque
914 1450 1079 1490 more
1120 1443 1288 1509 turpe
1326 1431 1533 1492 haberi
1570 1451 1768 1508 neque
1806 1443 1906 1491 aut
1943 1434 2072 1507 lege
2100 1431 2310 1490 sanciri
2344 1456 2404 1491 10

312 1537 413 1585 aut
454 1527 575 1586 iure
617 1526 790 1598 civili,
830 1538 1032 1586 tamen
1075 1539 1319 1588 naturae
1360 1531 1491 1605 lege
1535 1541 1809 1588 sanctum
1853 1541 1957 1588 est.
2046 1529 2311 1589 Societas

310 1635 400 1683 est
437 1625 840 1700 enim—quod
882 1621 988 1683 etsi
1028 1644 1206 1702 saepe
1241 1625 1467 1684 dictum
1498 1638 1604 1699 est,
1636 1625 1960 1685 dicendum
1991 1639 2081 1685 est
2107 1638 2311 1685 tamen

313 1721 911 1800 saepius—latissime
932 1722 1176 1797 quidem
1200 1743 1354 1799 quae
1375 1734 1592 1801 pateat,
1623 1724 1884 1783 omnium
1910 1722 2062 1782 inter
2084 1742 2314 1794 omneS‚

311 1818 551 1878 interior
590 1839 811 1891 eorum,
844 1819 946 1895 qui
987 1818 1257 1879 eiusdem
1294 1821 1488 1896 gentis
1523 1821 1655 1893 sint,
1688 1821 1930 1899 propior
1960 1840 2180 1891 eorum,
2211 1820 2313 1896 qui

312 1917 580 1978 eiusdem
622 1917 889 1977 civitatis
2345 1934 2402 1988 15

313 2069 626 2118 Distinction
655 2070 859 2118 between
881 2071 1143 2133 positive
1173 2072 1301 2119 Law
1333 2086 1395 2119 or
1419 2071 1501 2119 tlte
1532 2072 1657 2119 Law
1685 2071 1847 2134 of‘the
1877 2071 2181 2132 community
2213 2068 2315 2134 (ius

441 2150 605 2211 civile)
646 2152 754 2198 and
784 2152 864 2198 tlte
902 2152 1027 2199 Law
1064 2151 1126 2214 os
1156 2152 1358 2199 Nature
1396 2151 1499 2210 (ius
1536 2148 1808 2215 gentium).·
1849 2151 1932 2200 the
1970 2152 2119 2200 latter
2154 2152 2199 2199 is
2234 2151 2316 2200 the

448 2234 787 2282 Groundwork
813 2233 875 2296 of
893 2233 974 2280 tlte
987 2233 1200 2296 fhrmer,
1228 2234 1391 2282 which
1422 2234 1468 2282 is
1494 2236 1611 2296 only
1638 2251 1672 2283 a
1707 2236 1837 2297 Copy
1862 2235 1972 2282 and
1978 2233 2131 2297 faint
2157 2242 2314 2297 repre·

439 2316 685 2363 sentation
716 2314 778 2377 of
804 2315 877 2361 it:
920 2314 1002 2361 tlze
1035 2314 1184 2361 latter
1212 2314 1458 2363 considers
1494 2330 1608 2363 men
1639 2331 1696 2363 as
1726 2315 1840 2378 they
1870 2316 2023 2378 ought
2053 2323 2100 2364 to
2130 2316 2200 2375 be,
2235 2315 2316 2363 the

425 2397 626 2461 former
643 2414 700 2445 as
719 2397 833 2460 they
852 2412 952 2445 are.

314 2482 597 2530 Excellence
617 2480 679 2543 of
687 2479 768 2527 the
789 2481 987 2527 Roman
1014 2480 1159 2529 Civil
1173 2481 1315 2529 Law.

312 2564 586 2627 Examples
605 2562 668 2626 of
676 2563 876 2610 Roman
897 2563 1052 2611 Rules
1071 2562 1133 2625 of
1141 2563 1372 2626 Lawfor
1390 2565 1471 2613 the
1481 2564 1779 2628 prevention
1798 2564 1861 2628 of
1869 2565 2060 2612 Fraud.

438 2693 649 2766 Itaque
688 2689 940 2749 maiores
977 2691 1138 2750 aliud
1174 2691 1264 2749 ius
1305 2691 1592 2768 gentium,
1635 2691 1796 2751 aliud
1838 2690 1930 2750 ius
1972 2690 2141 2750 civile
2183 2710 2313 2752 esse

313 2793 661 2851 voluerunt:
703 2790 869 2865 quod
911 2787 1099 2861 civile,
1139 2809 1262 2848 non
1305 2790 1464 2849 idem
1504 2789 1792 2849 continuo
1834 2788 2116 2865 gentium,
2149 2790 2312 2865 quod

314 2897 515 2947 autern
569 2885 854 2962 gentium,
911 2885 1074 2945 idem
1132 2885 1303 2946 civile
1361 2906 1491 2946 esse
1547 2888 1745 2946 debet.
1847 2887 1969 2946 Sed
2024 2904 2134 2944 nos
2191 2885 2311 2944 veri

314 2983 453 3043 iuris
494 3003 927 3060 germanaeque
971 2982 1228 3043 iustitiae
1271 2984 1524 3043 solidam
1568 2994 1628 3043 et
1674 3003 2009 3061 expressam
2058 2982 2310 3058 effigiem

314 3083 536 3140 nullam
578 3092 866 3156 tenemuS‚
912 3084 1123 3142 umbra
1165 3092 1225 3141 et
1269 3081 1625 3159 imaginibus
1671 3081 1902 3141 utimur.
1991 3083 2110 3158 Eas
2155 3080 2311 3158 ipsas
2336 3105 2402 3142 20

316 3177 542 3237 utinam
599 3184 1008 3255 sequeremur!
1079 3181 1347 3238 feruntur
1412 3179 1571 3237 enim
1638 3198 1710 3239 ex
1775 3177 2015 3257 optimis
2070 3189 2312 3237 naturae

414 3348 442 3381 α
489 3333 645 3380 teneri
699 3334 863 3381 Heine
906 3339 1076 3381 contra
1117 3334 1247 3381 codd.
1305 3337 1324 3390 ΙΙ
1385 3344 1410 3395 7
1464 3334 1639 3397 plagas
1685 3335 1832 3397 vulgo
1884 3340 2054 3381 contra
2107 3332 2236 3380 codd.
2293 3334 2313 3388 ΙΙ

328 3414 475 3460 verba
506 3413 710 3461 domum
744 3421 947 3476 propter
970 3414 1101 3462 vitia
1130 3415 1317 3463 vendas
1342 3414 1522 3463 seclusi
1539 3431 1653 3463 cum
1681 3414 1764 3462 Ba
1793 3414 1959 3461 Heine
1988 3415 2088 3461 Mu
2121 3419 2315 3460 auctore

327 3497 518 3558 Ungero

2321 3595 2360 3671 s
