2685 3938
378 212 451 265 24
482 201 487 207 ’
818 193 915 249 Dc
954 191 1296 249 contentione
1336 190 1588 248 Honesti
1622 196 1674 246 et
1699 160 1703 165 υ
1728 187 1903 248 Utilis
1985 183 2112 268 [ΙΙΙ
2144 204 2261 245 xm
2296 202 2367 264 55

2161 301 2200 309 —u

373 383 553 424 nemo
575 363 749 424 sciat:
785 382 1024 439 quaero,
1058 364 1104 421 si
1137 362 1285 421 haec
1313 359 1681 439 emptoribus
1709 356 1983 420 venditor
2010 376 2133 416 non
2162 355 2372 417 dixerit

371 461 669 537 aedesque
735 459 1066 520 vendiderit
1130 457 1311 537 pluris
1377 460 1567 516 multo
1629 476 1806 533 quam
1876 475 1939 515 se
1995 453 2366 514 venditurum

370 557 603 634 putarit,
656 576 799 615 num
849 555 912 616 id
959 556 1174 616 iniuste
1225 565 1325 614 aut
1383 554 1653 632 improbe
1702 551 1946 613 fecerit?
2020 557 2033 583 ‘
2055 552 2165 610 Ille
2209 550 2370 610 vero'

370 655 561 730 inquit
593 654 918 733 Antipater.
2397 650 2409 662 ⁶

729 828 914 888 (Their
944 833 1228 891 arguments
1261 843 1352 889 pro
1384 827 1493 873 and
1520 840 1615 874 con
1652 826 1709 872 in
1741 825 1841 873 tlu‘s
1872 822 2013 887 case.)

496 978 587 1037 55.
678 960 878 1036 ‘Quid
926 971 1016 1021 est
1060 959 1221 1021 enim
1267 958 1431 1020 aliud
1474 958 1734 1020 erranti
1776 959 1957 1019 viam
1999 975 2137 1016 non
2180 976 2367 1016 mon·
2398 988 2426 1042 5

368 1069 604 1131 strare,
648 1061 812 1136 quod
851 1060 1103 1120 Athenis
1139 1058 1610 1120 execrationibus
1652 1056 1905 1136 publicis
1948 1066 2217 1116 sanctum
2261 1067 2367 1127 est,

370 1157 419 1217 si
472 1159 589 1218 hoc
642 1177 766 1218 non
820 1170 924 1231 est,
978 1169 1306 1237 emptorem
1359 1156 1481 1236 pati
1530 1176 1698 1217 ruere
1746 1166 1805 1217 et
1853 1165 1959 1234 'per
2002 1174 2256 1216 errorem
2306 1154 2367 1212 in

371 1254 693 1314 maximam
734 1257 1002 1317 fraudem
1045 1255 1383 1316 incurrere?
1467 1256 1604 1313 Plus
1647 1253 1825 1314 etiam
1867 1265 1956 1313 est
1994 1272 2174 1329 quam
2210 1252 2366 1311 viam

371 1372 493 1413 non
541 1364 900 1415 monstrare:
951 1373 1088 1412 nam
1136 1364 1225 1414 est
1268 1352 1553 1414 scientem
1596 1350 1659 1410 in
1702 1371 1953 1411 errorem
1997 1352 2242 1411 alterum
2286 1349 2369 1409 in-

371 1451 622 1510 ducere.'
707 1450 1011 1528 Diogenes
1050 1462 1291 1511 contra:
1337 1455 1352 1481 ‘
1374 1452 1534 1508 Num
1573 1460 1633 1510 te
1669 1468 1866 1509 emere
1903 1447 2114 1523 coegit,
2152 1450 2252 1524 qui
2294 1468 2369 1508 ne
2402 1439 2494 1512 10⁴

369 1547 637 1607 hortatus
676 1547 921 1625 quidem
961 1551 1093 1609 est?
1135 1547 1233 1608 ille
1272 1549 1435 1623 quod
1465 1566 1587 1607 non
1615 1548 1889 1625 placebat
1918 1545 2274 1624 proscripsit,
2305 1557 2367 1605 tu

370 1644 534 1719 quod
585 1645 858 1722 placebat
908 1644 1114 1705 emisti.
1206 1645 1389 1719 Quod
1440 1642 1487 1703 si
1530 1643 1631 1721 qui
1672 1631 2080 1722 proscribunt:
2131 1661 2366 1702 vlLLAM

374 1757 592 1799 BONAM
638 1758 929 1811 BENEQVE
969 1759 1416 1811 AEmchTAM,
1464 1760 1586 1799 non
1631 1739 2035 1801 existimantur
2077 1740 2365 1815 fefellisse,

371 1838 602 1899 etiamsi
630 1839 730 1899 illa
760 1859 871 1901 nec
902 1843 1060 1901 bona
1086 1850 1177 1900 est
1205 1860 1317 1900 nec
1346 1839 1654 1900 aedificata
1682 1838 1925 1910 ratione,
1957 1825 2145 1898 multo
2174 1839 2369 1898 minus

372 1937 473 2015 qui
518 1936 765 1998 domum
809 1957 933 1999 non
977 1940 1303 1999 laudarunt.
1393 1937 1517 1999 Ubi
1558 1938 1718 1998 enim
1761 1936 2044 1998 iudicium
2088 1938 2368 2016 emptoris
2402 1958 2461 2012 15

373 2047 477 2105 est,
504 2035 588 2095 ibi
615 2037 770 2095 fraus
799 2035 1123 2097 venditoris
1151 2055 1305 2113 quae
1331 2045 1530 2114 potest
1557 2023 1729 2095 esse?
1798 2033 1900 2095 Sin
1922 2045 2119 2095 autem
2143 2035 2367 2096 dictum

373 2153 496 2192 non
534 2153 716 2194 omne
753 2134 1174 2211 praestandum
1212 2143 1319 2205 est,
1353 2133 1516 2208 quod
1556 2130 1782 2191 dictum
1820 2151 1943 2191 non
1982 2142 2087 2204 est,
2119 2132 2181 2192 id
2209 2154 2370 2212 prae-

373 2232 653 2290 standum
694 2232 913 2309 putas?
995 2230 1160 2307 Quid
1201 2249 1341 2291 vero
1379 2240 1470 2290 est
1504 2230 1735 2289 stultius
1777 2248 1959 2305 quam
1998 2229 2368 2292 venditorem

372 2329 498 2388 eius
525 2328 625 2402 rei,
658 2349 839 2406 quam
867 2331 1107 2402 vendat,
1136 2327 1278 2389 vitia
1305 2332 1580 2389 narrare?
1623 2329 1768 2406 quid
1795 2340 1993 2390 autem
2022 2341 2142 2390 tam
2171 2322 2368 2404 absur-

372 2427 515 2485 dum
566 2446 746 2503 quam
797 2425 847 2486 si
894 2425 1124 2486 domini
1168 2426 1329 2487 iussu
1373 2428 1457 2486 ita
1497 2447 1712 2505 praeco
1753 2427 2088 2505 praedicet:
2140 2446 2367 2488 DOMVM
2398 2451 2465 2488 20

373 2542 805 2584 PESTILENTEM
844 2526 1135 2585 VENDO?'
1236 2527 1328 2601 56.
1403 2524 1501 2585 Sic
1537 2544 1677 2602 ergo
1705 2526 1765 2583 in
1796 2525 2149 2602 quibusdam
2179 2526 2369 2587 causis

372 2618 566 2680 dubiis
604 2639 676 2679 ex
713 2621 895 2679 altera
932 2631 1097 2697 parte
1135 2620 1472 2681 defenditur
1508 2622 1804 2695 honestaS,
1845 2642 1920 2683 ex
1957 2624 2140 2683 altera
2174 2623 2256 2682 ita
2293 2625 2371 2685 de

372 2716 623 2777 utilitate
661 2717 890 2788 dicitur,
924 2729 986 2777 ut
1024 2717 1104 2790 id,
1137 2720 1300 2795 quod
1330 2718 1473 2778 utile
1502 2718 1783 2790 videatur,
1817 2740 1938 2779 non
1969 2723 2152 2780 modo
2180 2724 2370 2781 facere

372 2813 690 2873 honestum
719 2812 811 2884 sit,
842 2815 949 2873 sed
975 2813 1156 2874 etiam
1185 2833 1308 2873 non
1338 2816 1530 2875 facere
1560 2827 1746 2893 turpe.

827 3001 1033 3051 Cicero’s
1062 3019 1173 3051 own
1205 3004 1418 3053 dea’sion
1449 3004 1512 3068 of
1529 3006 1611 3054 the
1641 3012 1736 3054 two
1773 3006 1930 3055 Cases.

494 3135 668 3193 Haec
709 3143 798 3193 est
839 3133 939 3193 illa
988 3155 1142 3211 quae
1189 3135 1418 3196 videtur
1466 3136 1698 3196 utilium
1748 3136 1872 3198 fieri
1921 3158 2058 3198 cum
2106 3138 2370 3199 honestis
2400 3163 2462 3216 25

372 3250 550 3308 saepe
598 3230 907 3291 dissensio,
1016 3233 1187 3308 Quae
1242 3232 1627 3293 diiudicanda
1683 3245 1855 3293 sunt:
1921 3254 2043 3294 non
2085 3235 2261 3309 enim,
2307 3248 2373 3296 ut
2429 3249 2438 3256 ’

372 3347 803 3404 quaereremUS,
845 3329 1244 3406 exposuimus,
1274 3331 1381 3390 sed
1415 3341 1480 3390 ut
1517 3331 1955 3409 explicaremus,
2064 3350 2154 3410 57.
2229 3337 2371 3394 Non

573 3515 601 3562 3
636 3499 685 3548 id
719 3516 812 3549 om.
856 3500 932 3548 Or
962 3500 1006 3547 Z
1033 3517 1144 3551 cum
1178 3502 1317 3551 bonis
1347 3504 1475 3554 codd.
1547 3509 1566 3562 ΙΙ
1630 3507 1687 3553 18
1721 3504 1838 3565 [est]
1870 3505 2064 3556 stultius
2101 3507 2176 3555 Or
