2685 3938
330 229 430 287 III
461 245 620 286 xxlx
658 224 796 308 105]
880 228 980 286 De
1018 228 1361 285 contentione
1401 226 1651 285 Honesti
1684 232 1736 284 et
1786 225 1964 284 Utilis
2260 240 2334 299 47

333 417 463 473 103.
551 399 802 458 Addunt
858 398 1055 470 etiam,
1108 398 1621 474 quemadmodum
1672 415 1783 456 nos
1832 395 2104 456 dieamus
2154 395 2336 456 videri

327 497 619 572 quaedam
661 494 825 556 utilia
864 515 1020 572 quae
1059 514 1181 555 non
1220 495 1356 568 sint,
1389 494 1474 554 sic
1503 514 1566 554 se
1597 494 1794 554 dicere
1823 493 2007 554 videri
2038 494 2333 571 quaedam

327 594 580 653 honesta
625 613 780 671 quae
826 613 950 652 non
997 592 1149 655 sint:
1202 598 1299 653 ‘ut
1345 593 1462 653 hoc
1504 592 1700 670 ipsum
1746 591 1979 652 videtur
2015 593 2332 652 honestum

326 686 719 752 conservandi
758 691 897 751 iuris
936 690 1168 751 iurandi
1207 710 1389 751 causa
1417 690 1494 749 ad
1524 687 1848 749 cruciatum
1877 689 2199 764 revertisse,
2229 692 2334 751 sed

327 788 392 846 fit
429 807 554 845 non
594 789 934 859 honestum,
967 788 1120 865 quia,
1153 790 1317 865 quod
1357 808 1464 865 per
1492 788 1610 848 vim
1639 785 1900 847 hostium
1931 797 2087 847 esset
2113 799 2330 861 actum,
2366 810 2393 863 5

274 903 293 923 ·
327 897 518 945 ratum
574 906 706 947 esse
763 907 887 946 non
943 886 1185 948 debuit!
1272 886 1526 946 Addunt
1574 885 1771 958 etiam,
1825 883 2116 961 quidquid
2159 886 2335 946 valde

327 983 470 1042 utile
516 985 606 1056 sit,
637 985 701 1044 id
745 984 870 1046 fieri
920 986 1256 1060 honestum,
1304 983 1485 1044 etiam
1536 982 1585 1043 si
1630 994 1807 1042 antea
1852 1002 1973 1041 non
2018 979 2330 1043 videretur.

330 1085 504 1142 Haec
531 1085 653 1144 fere
680 1094 888 1144 contra
918 1086 1235 1161 Regulum.
1322 1083 1440 1144 Sed
1470 1081 1662 1159 prima
1690 1080 2011 1141 videamus.
2119 1072 2126 1077 ¹

324 1232 560 1284 Answers
583 1242 635 1283 to
656 1235 742 1284 the
774 1234 1079 1298 objections,
1153 1234 1205 1283 ii.
1263 1235 1354 1282 An
1384 1234 1509 1283 Oath
1536 1233 1580 1282 is
1612 1231 1676 1297 (a)
1709 1248 1742 1280 a
1762 1232 1936 1280 sacred
1949 1231 2228 1295 obligation,
2257 1233 2336 1281 the

441 1317 784 1381 perfimteance
811 1318 873 1382 os
893 1318 1053 1366 which
1086 1319 1130 1367 is
1157 1335 1188 1365 a
1223 1324 1407 1367 matter
1432 1316 1698 1382 ossustice
1730 1316 1840 1363 and
1866 1316 2095 1371 Honour,
2128 1316 2339 1363 without

453 1400 637 1462 regard
649 1406 698 1447 to
716 1414 1070 1463 consequences.

96 1511 295 1560 XXIX
453 1524 581 1577 104.
675 1507 849 1564 ‘Non
890 1507 1000 1565 fuit
1041 1507 1311 1583 Iuppiter
1348 1505 1708 1564 metuendus
1743 1521 1821 1563 ne
1857 1500 2036 1562 iratus
2070 1514 2331 1576 noceret,

324 1600 428 1678 qui
462 1622 657 1679 neque
685 1602 855 1662 irasci
885 1606 1036 1664 solet
1066 1623 1178 1664 nec
1206 1601 1466 1662 nocere!
1552 1605 1727 1662 Haec
1755 1600 2000 1677 quidem
2031 1600 2180 1660 ratio
2209 1620 2332 1660 non
2366 1627 2427 1663 10

324 1698 519 1775 magis,
550 1709 759 1759 contra
788 1700 1004 1777 Reguli
1034 1720 1211 1777 quam
1243 1711 1454 1760 contra
1483 1716 1661 1757 omne
1691 1698 1783 1757 ius
1812 1695 2125 1756 iurandum
2155 1698 2326 1758 valet.

324 1797 442 1855 Sed
485 1795 545 1854 in
588 1796 712 1856 iure
752 1794 1004 1857 iurando
1041 1817 1164 1857 non
1205 1795 1308 1874 qui
1347 1806 1539 1855 metus
1580 1797 1685 1855 sed
1724 1814 1879 1871 quae
1916 1794 2001 1854 vis
2041 1794 2115 1853 sit
2153 1795 2330 1855 debet

323 1892 599 1971 intellegi.
715 1895 825 1954 Est
890 1894 1047 1955 enim
1116 1894 1205 1955 ius
1261 1893 1575 1953 iurandum
1633 1890 1969 1952 adfirmatio
2025 1891 2329 1971 religiosa:

322 1996 486 2071 quod
524 2005 721 2055 autem
763 1997 1072 2057 adfirmate
1115 1995 1284 2073 quasi
1324 1997 1442 2055 deo
1471 2004 1620 2055 teste
1650 1991 2004 2071 promiseriS,
2037 1990 2099 2051 id
2130 2004 2331 2052 tenen-

322 2091 465 2151 dum
506 2102 612 2151 est.
705 2093 835 2150 Iam
877 2093 1035 2153 enim
1078 2110 1200 2152 non
1236 2093 1314 2152 ad
1351 2091 1801 2162 iram‘deorum,
1834 2109 1989 2166 quae
2027 2089 2187 2148 nulla
2221 2101 2326 2161 est,
2365 2111 2420 2163 15

323 2191 429 2248 sed
484 2190 562 2248 ad
620 2189 902 2249 iustitiam
962 2201 1021 2251 et
1075 2192 1153 2250 ad
1209 2191 1391 2251 fidem
1448 2189 1719 2267 pertinet.
1822 2191 1982 2248 Nam
2031 2190 2330 2264 praeclare

324 2286 592 2347 Ennius:

603 2390 656 2463 ό
675 2412 824 2460 Fides
854 2412 992 2460 alma
1023 2409 1142 2475 dpta
1161 2411 1351 2475 pinnis
1379 2416 1428 2459 e't
1460 2412 1542 2459 ius
1574 2409 1853 2460 iuranddm
1887 2409 2022 2458 Iovis
2035 2414 2057 2458 l

327 2507 446 2582 Qui
501 2508 591 2570 ius
648 2509 825 2587 igitur
868 2508 1181 2568 iurandum
1227 2508 1427 2582 violat,
1479 2508 1535 2567 is
1593 2508 1834 2568 Fidem
1891 2507 2089 2580 violat,
2148 2528 2329 2585 quam

325 2602 384 2661 in
429 2605 798 2681 Capitolio
845 2602 1178 2665 ‘vicinam
1238 2604 1433 2664 Iovis
1491 2604 1735 2681 optimi
1796 2603 2112 2677 maximi‚'
2154 2617 2219 2665 ut
2269 2605 2331 2664 in
2357 2625 2421 2660 20

325 2701 572 2763 Catonis
601 2705 867 2765 oratione
898 2716 1002 2777 est,
1035 2703 1335 2764 maiores
1365 2703 1592 2764 nostri
1622 2723 1776 2764 esse
1805 2705 2197 2765 voluerunt.

614 2850 687 2917 (b)
753 2853 907 2912 Pain,
943 2852 1002 2916 if
1018 2868 1089 2901 an
1120 2852 1225 2901 evil
1253 2858 1309 2900 at
1337 2853 1425 2914 all,
1465 2853 1512 2901 is
1544 2858 1629 2901 not
1659 2853 1738 2901 the
1768 2854 1910 2918 chief
1926 2855 2040 2903 evil.

447 2974 574 3035 105.
665 2960 777 3019 ‘At
815 2957 978 3019 enim
1017 2977 1093 3017 ne
1133 2957 1312 3017 iratus
1353 2957 1599 3035 quidem
1633 2959 1903 3036 Iuppiter
1929 2962 2063 3038 plus
2094 2963 2328 3039 Regulo

317 3053 620 3114 nocuisset
664 3074 845 3131 quam
888 3053 1000 3114 sibi
1044 3052 1250 3131 nocuit
1294 3054 1420 3131 ipse
1465 3057 1768 3132 Regulus.'
1858 3059 2052 3130 Certe,
2095 3059 2144 3117 si
2181 3056 2327 3118 nihil

319 3151 545 3209 malum
583 3161 738 3211 esset
774 3153 889 3222 nisi
928 3153 1147 3212 dolere.
1236 3153 1311 3211 Id
1352 3163 1549 3213 autem
1589 3173 1714 3214 non
1753 3156 1938 3215 modo
1969 3152 2144 3237 [non]
2175 3175 2326 3216 sum-

318 3266 482 3307 mum
511 3250 733 3307 malum
769 3250 876 3308 sed
904 3268 982 3310 ne
1010 3249 1236 3308 malum
1258 3248 1501 3327 quidem
1533 3269 1663 3312 esse
1691 3251 1950 3311 maxima
1978 3252 2325 3314 auctoritate
2352 3270 2415 3324 25

413 3392 445 3442 6
481 3410 582 3444 non
618 3394 808 3444 debuit.
877 3397 996 3445 Post
1028 3398 1146 3447 haec
1180 3405 1371 3447 sextam
1415 3399 1817 3449 adversariorum
1861 3407 2032 3449 contra
2074 3402 2323 3464 Regulum

313 3475 559 3524 rationem
601 3473 709 3539 (cur
748 3476 896 3540 igitur
932 3478 998 3525 ad
1036 3486 1263 3528 senatum
1307 3479 1728 3542 proficiscebatur,
1778 3496 1888 3529 cum
1935 3481 2220 3544 praesertim
2259 3481 2324 3528 de

312 3556 523 3621 captivis
544 3556 852 3607 dissuasurus
874 3567 1001 3609 esset
1014 3558 1054 3624 ?)
1088 3562 1321 3610 excidisse
1342 3568 1500 3610 censet
1522 3563 1692 3626 Unger
1709 3561 1813 3610 coll.
1838 3563 1865 3619 g
1894 3574 1912 3606 r
1926 3576 1997 3610 10·
