2685 3938
345 204 415 251 14
793 185 892 241 De
926 184 1262 242 contentione
1308 184 1555 240 Honesti
1589 190 1645 239 et
1698 181 1875 241 Utilis
1978 176 2106 261 [ΙΙΙ
2136 196 2221 238 vn
2260 200 2334 254 34

337 366 530 414 turum
571 355 765 427 fuisse,
798 355 910 414 nisi
947 351 1129 431 aliqui
1167 374 1338 413 casus
1375 367 1478 414 aut
1515 352 1831 430 occupatio
1870 354 1994 412 eius
2023 354 2336 411 consilium

335 453 697 531 peremisset.
784 455 880 512 Ad
922 471 1070 529 quas
1113 453 1270 528 ipsas
1312 451 1777 512 consultationes
1819 470 1894 511 ex
1937 448 2337 526 superioribus

336 550 496 612 libris
525 550 664 610 satis
694 552 880 610 multa
907 563 1228 628 praecepta
1255 561 1410 621 sunt,
1441 549 1659 630 quibus
1688 548 1941 625 perspici
1978 546 2165 624 possit
2192 545 2336 624 quid

337 648 410 709 sit
452 660 690 726 propter
732 648 1157 725 turpitudinem
1201 648 1563 724 fugiendum,
1608 647 1753 724 quid
1795 646 1870 706 sit
1911 646 2072 722 quod
2114 644 2337 704 idcirco

336 747 678 823 fugiendum
737 766 860 806 non
915 746 1006 819 sit,
1064 746 1230 822 quod
1285 746 1533 804 omnino
1596 757 1768 822 turpe
1834 763 1955 802 non
2020 742 2109 802 sit.
2216 743 2333 802 Sed
2365 762 2391 813 5

337 846 619 922 quoniam
667 846 830 922 operi
874 834 1170 915 incohat0,
1214 862 1399 921 prope
1448 854 1650 902 tamen
1675 842 1986 915 absoluto,
2031 854 2335 916 tamquam

338 940 633 1019 sa'stigium
700 942 1079 1020 imponimm,
1147 953 1212 1001 ut
1275 953 1613 1018 geometrae
1682 941 1874 999 solent
1943 958 2065 999 non
2136 937 2337 997 omnia

254 1062 257 1063 ⁷
337 1041 572 1115 docere,
620 1041 725 1100 sed
773 1042 1071 1118 postulare
1118 1052 1183 1099 ut
1231 1041 1529 1116 quaedam
1580 1038 1691 1098 sibi
1739 1040 2161 1112 concedantur,
2213 1056 2337 1113 quo

338 1138 564 1198 facilius
614 1158 767 1215 quae
814 1140 1024 1198 volunt
1079 1138 1392 1213 explicent,
1446 1136 1531 1196 sic
1588 1157 1698 1213 ego
1747 1157 1784 1196 a
1833 1148 1891 1196 te
1946 1137 2205 1213 postu10,
2255 1134 2337 1194 mi

340 1235 569 1309 Cicero,
613 1248 676 1296 ut
721 1237 865 1295 mihi
910 1238 1223 1309 conceda&
1263 1234 1312 1295 si
1357 1247 1544 1313 potes,
1584 1234 1730 1293 nihil
1775 1225 2006 1312 praeter
2047 1233 2124 1307 id,
2174 1233 2336 1309 quod
2369 1253 2432 1289 10

338 1333 657 1392 honestum
700 1333 790 1405 sit,
837 1346 1075 1411 propter
1123 1352 1188 1393 se
1235 1352 1365 1393 esse
1408 1333 1823 1408 expetendum.
1909 1332 2011 1390 Sin
2056 1333 2174 1388 hoe
2213 1348 2337 1389 non

341 1426 477 1485 licet
520 1446 625 1504 per
667 1429 1039 1504 Cratippum,
1082 1437 1142 1487 at
1186 1427 1329 1487 illud
1380 1439 1537 1486 certe
1580 1427 1767 1499 dabis,
1813 1428 1977 1502 quod
2020 1428 2337 1486 honestum

341 1526 431 1594 sit,
461 1525 522 1584 id
551 1545 680 1585 esse
710 1546 985 1586 maxume
1014 1537 1253 1603 propter
1280 1547 1345 1586 se
1372 1527 1792 1602 expetendum.
1875 1525 2027 1584 Mihi
2055 1524 2339 1585 utrumvis

342 1622 481 1681 satis
537 1635 625 1681 est
680 1634 740 1683 et
797 1636 918 1682 tum
977 1625 1108 1694 hoe,
1161 1635 1285 1683 tum
1335 1623 1483 1683 illud
1530 1623 1892 1700 probabilius
1940 1624 2172 1683 videtur
2225 1642 2338 1681 nec

239 1787 250 1795 ,
342 1732 642 1794 praeterea
691 1718 1011 1796 quicquam
1059 1719 1383 1795 probabile.
2372 1733 2429 1785 Ῑ5

354 1890 667 1945 Vindication
709 1891 772 1955 qf
812 1891 1090 1939 Panaetius
1137 1891 1246 1939 who
1292 1897 1462 1938 meant
1509 1907 1542 1938 a
1589 1891 1785 1955 conflict
1831 1891 2033 1939 between
2087 1905 2228 1940 seem
2239 1891 2348 1954 ing

864 1973 1179 2036 Expediency
1209 1973 1318 2020 and
1349 1972 1523 2021 Moral
1547 1973 1816 2021 Rectitude.

465 2124 557 2180 34.
647 2108 736 2162 Ac
789 2103 1046 2181 primum
1095 2104 1157 2163 in
1212 2105 1329 2163 hoc
1387 2105 1703 2163 Panaetius
1761 2105 2174 2166 defendendus
2232 2120 2336 2177 est,

343 2203 505 2278 quod
564 2220 685 2261 non
741 2200 907 2260 utilia
963 2221 1100 2260 cum
1150 2201 1417 2261 honestis
1470 2221 1733 2278 pugnare
1788 2202 2110 2279 aliquando
2166 2223 2343 2280 posse

344 2298 836 2375 dixerit—neque
871 2299 1029 2359 enim
1070 2299 1126 2359 ei
1162 2300 1249 2359 fas
1288 2312 1508 2371 erat—‚
1540 2300 1647 2359 sed
1686 2320 1774 2373 ea,
1816 2319 1970 2377 quae
2008 2301 2343 2361 viderentur

344 2397 523 2457 utilia.
611 2399 776 2456 Nihil
829 2418 968 2458 vero
1016 2398 1160 2458 utile
1207 2398 1373 2474 quod
1426 2417 1549 2457 non
1600 2398 1759 2459 idem
1816 2400 2151 2472 honestum,
2197 2399 2342 2458 nihil

345 2498 660 2556 honestum
697 2498 860 2572 quod
897 2516 1018 2556 non
1052 2496 1210 2556 idem
1248 2496 1392 2557 utile
1427 2495 1518 2569 sit,
1550 2516 1730 2573 saepe
1769 2507 2015 2557 testatur
2050 2509 2343 2575 negatque
2369 2515 2437 2552 20

344 2596 523 2653 ullam
568 2605 802 2671 pestem
842 2595 1128 2655 maiorem
1170 2594 1229 2652 in
1264 2594 1447 2655 vitam
1489 2594 1801 2653 hominum
1840 2594 2126 2654 invasisse
2163 2616 2342 2672 quam

344 2710 551 2751 eorum
601 2691 966 2767 opinionem,
1018 2692 1120 2769 qui
1165 2692 1275 2753 ista
1329 2692 1717 2752 distraxerint.
1832 2694 2045 2769 Itaque
2101 2713 2222 2753 non
2277 2704 2343 2754 ut

343 2790 667 2866 aliquando
718 2802 1214 2869 anteponeremus
1261 2791 1427 2852 utilia
1482 2790 1762 2867 honestiS,
1815 2792 1922 2851 sed
1977 2803 2042 2851 ut
2099 2812 2169 2852 ea
2216 2791 2343 2852 sine

345 2906 536 2946 errore
585 2887 1062 2963 diiudicaremu5‚
1110 2889 1155 2949 si
1207 2890 1452 2965 quando
1500 2889 1860 2960 incidissent,
1911 2889 2143 2950 induxit
2190 2910 2341 2964 eam,

346 3005 497 3061 quae
537 2984 831 3046 videretur
869 3007 1016 3056 esse,
1047 3007 1170 3047 non
1210 3007 1365 3063 quae
1405 3001 1577 3059 esset,
1609 2988 2076 3065 repugnantiam.
2165 2992 2343 3048 Hanc
2372 3004 2435 3056 25

344 3081 517 3158 igitur
565 3095 791 3158 partem
841 3083 1105 3144 relictam
1150 3085 1522 3160 explebimus
1564 3086 1740 3145 nullis
1783 3085 2173 3158 adminicuIiS,
2219 3088 2341 3158 sed,

344 3240 663 3289 humanitatis
695 3256 901 3304 corpore
935 3257 1071 3289 unus
1101 3242 1247 3290 codex
1283 3244 1364 3289 Gu
1397 3258 1424 3305 3
1453 3251 1512 3290 ut
1532 3245 1757 3291 voluerat
1787 3245 2053 3292 Muretus:
2086 3245 2345 3306 vulgatum

344 3328 510 3369 servat
550 3321 625 3377 St,
673 3322 946 3370 communis
981 3329 1078 3385 pro
1121 3322 1373 3370 communi
1409 3324 1606 3386 posito,·
1651 3325 1761 3372 vide
1805 3332 1926 3372 nott.
1998 3341 2057 3386 ²4
2102 3339 2213 3372 eam
2262 3322 2342 3386 (sc.

346 3404 742 3467 repugnantiam)
783 3404 889 3453 sine
932 3420 1095 3455 errore
1128 3406 1526 3464 diiudicaremus‚
1565 3406 1606 3455 si
1651 3407 1852 3471 quando
1888 3406 2147 3455 incidisset·
2181 3405 2351 3467 Unger

350 3484 509 3531 Heitze
534 3485 690 3531 Lund
