2685 3938
391 315 463 373 52
708 295 803 351 De
843 289 1180 350 contentione
1220 282 1473 343 Honesti
1507 289 1566 340 et
1612 279 1792 339 Utilis
1883 271 2013 355 [ΙΙΙ
2043 289 2227 332 xxxn
2266 292 2288 328 1
2306 289 2385 342 14

512 385 2380 416 Μ

394 464 664 536 iurando,
721 461 807 521 sic
861 461 1070 519 decem
1126 455 1225 527 illi,
1282 473 1435 531 quos
1491 462 1628 529 post
1683 453 2068 511 Cannensem
2121 462 2383 520 pugnam

394 564 613 623 iuratos
646 561 724 619 ad
752 570 1025 618 senatum
1054 554 1212 614 misit
1245 551 1551 612 Hannibal
1579 567 1644 609 se
1672 547 1732 606 in
1762 557 1951 605 castra
1978 541 2266 603 redituros
2295 558 2384 609 ea,

399 678 654 737 quorum
708 667 876 717 erant
929 651 1108 732 potiti
1164 651 1370 723 Poeni,
1422 647 1533 708 nisi
1591 648 1668 706 de
1722 642 2083 705 redimendis
2139 636 2389 716 captivis

398 753 887 832 impetravissent,
935 750 986 809 si
1028 767 1151 808 non
1195 745 1510 818 redierunt,
1557 736 1943 819 vituperandi.
2034 743 2128 799 De
2178 738 2392 815 quibus

400 873 523 914 non
581 870 790 911 ornnes
842 868 965 909 uno
1020 848 1241 907 modo:
1296 863 1436 903 nam
1492 841 1792 920 Polybius,
1836 842 2031 900 bonus
2079 848 2283 896 auctor
2331 834 2390 892 in
2421 853 2450 908 5

401 947 622 1026 primis,
663 966 737 1006 ex
772 947 984 1006 decem
1023 941 1424 1013 nobilissimiS,
1455 940 1559 1016 qui
1596 951 1722 999 tum
1761 948 1925 998 erant
1962 934 2143 1008 missi,
2173 951 2390 993 novem

404 1044 708 1107 revertisse
737 1041 898 1112 dicit,
930 1062 991 1101 re
1017 1061 1054 1101 a
1081 1050 1289 1101 senatu
1317 1057 1438 1097 non
1468 1037 1806 1114 impetrata:
1849 1053 2036 1094 unum
2065 1053 2140 1092 ex
2165 1032 2395 1100 decem,

407 1140 511 1217 qui
548 1139 749 1216 paullo
787 1149 922 1214 post
962 1155 1144 1211 quam
1182 1145 1303 1195 erat
1342 1152 1609 1211 egressus
1649 1152 1682 1192 e
1719 1131 1923 1192 castris
1956 1130 2202 1190 redisset
2230 1123 2398 1203 quasi

408 1236 632 1313 aliquid
675 1245 829 1296 esset
873 1233 1110 1305 oblitus
1153 1235 1388 1292 Romae
1425 1231 1790 1291 remansisse.
1876 1227 2100 1289 Reditu
2139 1225 2298 1286 enim
2336 1224 2398 1283 in

409 1346 600 1396 castra
628 1332 940 1393 liberatum
969 1351 1033 1392 se
1062 1350 1191 1390 esse
1220 1330 1345 1391 iure
1372 1329 1622 1390 iurando
1651 1328 2156 1403 interpretabatur.
2431 1341 2495 1378 10

410 1478 771 1544 Equivocatz'on
822 1477 930 1526 does
982 1483 1067 1525 not
1102 1476 1218 1540 free
1256 1475 1401 1540 from
1443 1475 1525 1524 the
1559 1474 1699 1538 guill
1737 1473 1800 1537 eff
1828 1474 2058 1537 perjury,
2106 1473 2196 1521 but
2235 1472 2408 1521 rather

1226 1566 1512 1624 aggravates
1543 1559 1601 1607 it.

535 1669 676 1726 Non
705 1677 892 1741 recte,
930 1668 1086 1725 fraus
1116 1665 1275 1725 enim
1304 1665 1587 1742 astringit,
1617 1684 1741 1724 non
1770 1663 2038 1724 dissolvit
2066 1663 2401 1741 periurium.

417 1764 554 1824 Fuit
607 1763 781 1840 igitur
835 1765 1013 1824 stulta
1066 1762 1357 1823 calliditas
1413 1782 1683 1839 perverse
1738 1761 1967 1822 imitata
2014 1764 2402 1838 prudentiam.

416 1864 630 1938 Itaque
668 1861 930 1921 decrevit
966 1873 1207 1921 senatus
1227 1873 1309 1931 ‚ut
1348 1860 1446 1921 ille
1487 1872 1780 1921 veterator
1817 1872 1875 1920 et
1904 1860 2151 1920 callidus
2178 1859 2410 1920 vinctus
2512 1871 2531 1887 ⁸

417 1960 493 2020 ad
526 1959 936 2021 Hannibalem
963 1960 1291 2021 duceretur.

418 2107 645 2155 Another
665 2106 899 2162 instance,
917 2107 974 2154 in
995 2107 1157 2155 which
1177 2106 1443 2170 disregard
1454 2113 1503 2155 to
1522 2112 1761 2169 apparent
1781 2106 2096 2168 Expediency
2115 2107 2225 2154 and
2239 2104 2424 2170 regard

595 2195 644 2237 to
663 2190 744 2237 tlte
766 2189 1045 2252 Pn'nczples
1063 2189 1126 2254 of
1134 2191 1351 2238 Honour
1357 2189 1551 2252 proved
1565 2189 1842 2250 ultimately
1862 2189 2240 2251 advantageous.

546 2315 674 2367 114.
760 2297 880 2355 Sed
910 2295 1054 2353 illud
1085 2294 1456 2355 maximumzf
1482 2306 1619 2355 octo
1642 2294 1952 2353 hominum
1982 2294 2144 2353 milia
2174 2296 2414 2354 tenebat
2450 2310 2511 2363 15

427 2391 751 2463 Hannibal,
782 2410 905 2450 non
943 2410 1095 2466 quos
1130 2390 1191 2449 in
1220 2391 1347 2450 acie
1376 2393 1630 2467 cepisset
1660 2401 1762 2450 aut
1791 2389 1895 2466 qui
1920 2390 2183 2467 periculo
2211 2393 2417 2451 mortis

422 2489 811 2566 diffugissent,
853 2489 961 2547 sed
999 2487 1101 2564 qui
1137 2487 1323 2548 relicti
1366 2489 1426 2547 in
1465 2487 1668 2548 castris
1705 2488 1951 2547 fuissent
1984 2507 2021 2547 a
2061 2490 2246 2548 Paulo
2285 2499 2344 2547 et
2381 2509 2418 2549 a

428 2590 687 2646 Varrone
724 2585 1086 2645 consulibus
1174 2588 1297 2646 Eos
1333 2598 1572 2646 senatus
1606 2605 1728 2645 non
1757 2584 1989 2646 censuit
2015 2585 2416 2659 redimendOS,

425 2703 560 2743 cum
598 2683 660 2742 id
694 2701 874 2759 parva
903 2682 1157 2758 pecunia
1184 2683 1308 2743 fieri
1336 2695 1555 2760 posset,
1586 2695 1653 2743 ut
1683 2696 1835 2744 esset
1864 2683 2105 2743 insitum
2134 2682 2420 2743 militibus

427 2778 639 2840 nostris
675 2789 778 2838 aut
815 2777 1049 2838 vincere
1088 2790 1190 2838 aut
1227 2781 1430 2840 emori.
1517 2782 1654 2856 Qua
1691 2782 1933 2858 quidem
1962 2800 2025 2839 re
2050 2779 2253 2840 audita
2279 2783 2420 2841 frac-
2450 2802 2526 2839 20

427 2887 549 2934 tum
590 2874 852 2935 animum
897 2875 1256 2935 Hannibalis
1299 2877 1499 2938 scribit
1537 2879 1716 2952 idem,
1756 2879 1921 2955 quod
1961 2890 2200 2938 senatus
2236 2898 2424 2955 popu-

425 2976 635 3050 lusque
674 2976 982 3034 Romanus
1020 2975 1193 3034 rebus
1231 2974 1486 3035 adflictis
1524 2987 1646 3034 tarn
1685 2979 1922 3036 excelso
1958 2976 2160 3036 animo
2197 2975 2420 3035 fuisset.

428 3072 525 3133 Sic
593 3072 921 3132 honestatis
990 3072 1441 3147 comparatione
1508 3092 1597 3145 ea,
1667 3093 1820 3149 quae
1895 3074 2170 3133 videntur
2237 3073 2424 3147 utilia,

429 3170 762 3230 vincuntur.
870 3187 999 3245 115.
1073 3171 1141 3232 C.
1202 3169 1427 3229 Acilius
1481 3153 1695 3240 autem,
1755 3169 1856 3246 qui
1900 3173 2140 3231 'Graece
2196 3169 2431 3246 scripsit

532 3348 584 3383 11
622 3333 871 3398 distringit
893 3333 976 3382 Ba
999 3335 1170 3398 Unger
1186 3350 1298 3383 cum
1305 3335 1449 3397 plur.
1467 3335 1598 3383 codd.
1666 3339 1686 3392 ΙΙ
1758 3347 1813 3397 15
1854 3335 1956 3385 Sed
1977 3335 2431 3385 illud—vincuntur

430 3416 626 3464 seclusit
638 3416 721 3465 Ba
735 3424 929 3465 auctore
944 3416 991 3465 I.
1008 3418 1088 3466 M.
1108 3417 1430 3480 Heusingero,
1449 3424 1509 3465 ut
1526 3418 1803 3480 exemplum
1819 3434 1853 3466 a
1873 3434 1928 3467 re
1938 3418 2190 3482 proposita
2203 3417 2432 3466 alienum

432 3498 452 3551 ΙΙ
525 3495 582 3544 16
615 3496 1255 3560 periculum...defugissent
1285 3495 1408 3545 Mu²
1428 3510 1539 3546 cum
1571 3513 1672 3546 uno
1700 3498 1852 3547 codice
1881 3499 2033 3548 Bern.
2071 3516 2111 3558 c,
2145 3497 2427 3562 periculo...

433 3576 740 3641 diffugissent
762 3580 823 3628 St
841 3578 925 3628 Ba
941 3579 1106 3629 Heine
1126 3579 1211 3628 Lu
1230 3595 1345 3628 cum
1365 3578 1514 3637 codd„
1536 3579 2092 3643 periculo...defi1issent
2112 3597 2206 3631 em.
2229 3581 2435 3632 .·tlanus
