2685 3938
332 184 403 238 26
776 184 871 239 De
913 184 1255 241 contentione
1292 185 1546 242 Honesti
1583 192 1637 243 et
1692 186 1869 245 Utilis
1955 182 2086 266 [ΙΙΙ
2119 206 2226 246 x1v
2258 194 2335 247 60

328 354 617 411 Incensus
657 353 881 413 Canius
920 353 1249 432 cupiditate
1282 353 1597 414 contendit
1629 374 1666 413 a
1694 353 1909 430 Pythio
1937 366 2002 414 ut
2030 358 2332 418 venderet.

328 449 583 509 Gravate
627 448 727 510 ille
769 449 978 529 primo.
1068 450 1231 526 Quid
1277 454 1505 511 multa?
1562 451 1852 529 impetrat.
1943 453 2105 513 Emit
2153 457 2337 515 homo

329 546 579 625 cupidus
629 561 687 608 et
736 550 1005 627 locuples
1056 549 1222 623 tanti,
1270 548 1477 626 quanti
1530 550 1776 635 Bythius
1825 551 2029 623 voluit,
2084 563 2145 613 et
2195 557 2337 614 emit

327 644 663 705 instructos,
753 647 1017 707 Nomina
1059 648 1216 718 facit,
1261 644 1567 726 negotium
1611 648 1869 709 conficit.
1959 648 2184 709 Invitat
2229 653 2340 711 Ca-

329 742 460 802 nius
502 743 787 821 postridie
831 745 1146 806 familiares
1190 766 1346 822 su08,
1389 744 1553 807 venit
1594 745 1721 824 ipse
1761 757 2007 817 mature,
2049 750 2336 808 scalmum
2368 768 2394 820 5

327 844 557 902 nullum
596 842 777 903 videt.
864 845 1112 920 Quaerit
1152 864 1226 905 ex
1251 845 1526 925 proximo
1556 844 1753 905 vicino
1781 865 1926 904 num
1957 845 2132 905 feriae
2164 867 2340 923 quae-

328 941 467 999 dam
504 939 865 1017 piscatorum
902 953 1118 1016 essent,
1150 944 1317 1019 quod
1349 961 1452 1002 eos
1482 943 1679 1000 nullos
1709 940 1978 1000 videret?
2065 948 2080 974 ‘
2101 944 2334 1014 Nullae,

328 1038 490 1113 quod
520 1037 701 1097 sciam
722 1038 737 1064 ³
765 1039 960 1116 inquit
991 1044 1007 1072 ‘
1026 1043 1131 1100 sed
1162 1041 1261 1102 hic
1287 1040 1500 1119 piscari
1531 1039 1676 1100 nulli
1706 1043 1934 1100 solent:
1979 1043 2184 1119 itaque
2214 1042 2338 1101 heri

328 1136 579 1196 mirabar
607 1136 750 1213 quid
781 1138 1128 1199 accidisset.'

457 1279 619 1327 which
649 1295 751 1328 was
778 1296 897 1328 even
928 1280 1175 1328 cn'mz‘nal
1194 1280 1458 1344 according
1472 1287 1520 1329 to
1541 1280 1801 1343 Aquilius'
1826 1279 2085 1342 dcflm'tion
2114 1279 2177 1344 of
2196 1281 2341 1330 dolus

457 1363 633 1422 malus,
670 1379 721 1411 so
754 1364 866 1412 that
897 1363 976 1412 tlte
998 1370 1313 1427 perpetrator
1347 1363 1409 1427 of
1441 1364 1486 1411 it
1522 1363 1694 1411 would
1721 1363 2028 1424 now·a·days
2066 1363 2190 1411 have
2227 1363 2339 1411 been

455 1446 707 1494 amenable
739 1451 787 1493 to
803 1445 1002 1509 justice.

452 1556 544 1612 60.
632 1551 1000 1614 Stomachari
1047 1552 1307 1613 Canius:
1360 1554 1466 1612 sed
1510 1552 1654 1629 quid
1704 1554 1965 1614 faceret?
2051 1555 2337 1613 Nondum
2373 1576 2434 1612 10

328 1651 486 1711 enim
530 1654 598 1712 C.
641 1651 914 1729 Aquilius
958 1654 1189 1728 collega
1232 1663 1292 1711 et
1327 1649 1628 1710 familiaris
1678 1672 1845 1711 meus
1894 1654 2216 1730 protulerat
2264 1653 2340 1711 de

329 1751 472 1809 dolo
512 1752 669 1809 malo
707 1751 1026 1809 formulas:
1070 1748 1130 1807 in
1176 1748 1391 1825 quibus
1424 1748 1564 1826 ipsis
1593 1769 1729 1809 cum
1762 1769 1832 1808 ex
1862 1769 1936 1825 eo
1965 1762 2341 1826 quaereretur

329 1848 475 1924 quid
504 1859 659 1908 esset
689 1848 862 1907 dolus
898 1848 1107 1916 malus,
1138 1848 1555 1925 respondebat,
1598 1868 1733 1907 cum
1776 1860 1932 1907 esset
1970 1847 2130 1908 aliud
2160 1847 2337 1907 simu-

329 1947 531 2019 latum,
584 1945 748 2006 aliud
795 1958 1012 2006 actum.
1104 1947 1245 2006 Hoc
1296 1944 1538 2022 quidem
1591 1965 1734 2005 sane
1780 1947 2098 2019 luculente,
2143 1957 2207 2006 ut
2261 1947 2339 2007 ab

330 2044 571 2104 homine
599 2043 789 2122 perito
819 2043 1162 2104 definiendi.
1251 2047 1411 2120 Ergo
1448 2056 1506 2104 et
1548 2043 1792 2121 Pythius
1837 2056 1895 2104 et
1939 2065 2148 2108 omnes
2177 2046 2337 2104 aliud
2372 2067 2427 2121 ¹5

331 2153 591 2218 agenteS‚
616 2142 775 2201 aliud
809 2142 1153 2202 simulantes
1173 2142 1401 2220 perfidi,
1427 2141 1702 2220 improbi,
1732 2140 2022 2202 malitiosi.
2089 2145 2335 2202 Nullum

328 2239 505 2316 igitur
552 2259 758 2298 eorum
817 2242 1038 2300 factum
1088 2251 1287 2317 potest
1336 2240 1482 2299 utile
1532 2260 1680 2312 esse,
1734 2261 1871 2300 cum
1923 2240 1997 2299 sit
2047 2251 2138 2301 tot
2184 2240 2340 2301 vitiis

330 2336 723 2414 inquinatum.

330 2471 608 2520 Deduction
625 2470 769 2534 from
804 2469 1060 2535 Aquili’us
1092 2471 1370 2535 definztion.

336 2553 553 2602 General
568 2554 678 2600 and
691 2553 874 2616 spectat
886 2552 1174 2616 proviszons
1193 2552 1255 2616 of
1274 2554 1472 2601 Roman
1494 2552 1621 2600 Law
1642 2519 1844 2615 against
1864 2550 2008 2600 dolus
2030 2551 2190 2601 malus
2211 2552 2344 2601 show

461 2635 541 2684 the
564 2636 862 2697 importante
877 2634 1107 2683 attached
1120 2635 1181 2697 by
1195 2650 1292 2682 our
1309 2641 1552 2682 ancestors
1573 2641 1620 2682 to
1640 2634 1784 2682 strict
1799 2633 2038 2683 honour
2013 2649 2071 2681 m
2091 2634 2344 2682 Contracts

460 2719 570 2766 and
583 2716 854 2780 Bargazns.

205 2843 307 2891 xv
455 2828 550 2883 61.
638 2822 870 2899 Quodsi
909 2823 1229 2900 Aquiliana
1267 2822 1537 2882 definitio
1578 2843 1715 2883 vera
1752 2833 1859 2893 est,
1902 2840 1975 2881 ex
2013 2820 2178 2880 omni
2220 2822 2340 2881 vita

333 2922 632 2983 simulatio
689 2921 1201 2997 dissimulatioque
1254 2922 1518 2981 tollenda
1568 2932 1671 2981 est
1759 2922 1856 2980 Ita
1905 2940 2019 2981 nec
2066 2931 2131 2979 ut
2181 2933 2339 2981 emat
2370 2944 2436 2980 20

332 3024 540 3081 melius
579 3042 690 3082 nec
727 3033 790 3081 ut
830 3022 1066 3092 vendat,
1098 3020 1420 3097 quicquam
1459 3019 1761 3079 simulabit
1800 3030 1902 3077 aut
1941 3018 2337 3080 dissimulabit

332 3118 420 3177 vir
460 3119 670 3178 bonus,
758 3122 960 3195 Atque
1003 3117 1113 3177 iste
1156 3118 1331 3176 dolus
1376 3118 1566 3176 malus
1611 3127 1669 3175 et
1712 3114 1940 3191 legibus
1983 3126 2108 3174 erat
2145 3114 2331 3175 vindi-

333 3229 517 3289 catuS,
550 3228 614 3276 ut
645 3214 760 3297 [in]
791 3219 975 3275 tutela
1003 3215 1324 3275 duodecim
1354 3213 1588 3289 tabulis,
1615 3211 2082 3288 circumscriptio
2112 3213 2341 3271 adules-

334 3315 594 3376 centium
652 3316 782 3390 lege
838 3313 1150 3390 Plaetoria,
1210 3324 1269 3371 et
1326 3313 1454 3371 sine
1511 3312 1645 3389 lege
1696 3308 1944 3381 iudiciis,
2003 3309 2062 3367 in
2124 3309 2336 3384 quibus

333 3412 572 3471 additur
602 3430 684 3470 Ex
716 3429 862 3469 Fine
893 3427 1077 3469 BONA.
1153 3408 1543 3486 Reliquorum
1573 3419 1773 3468 autem
1803 3406 2159 3468 iudiciorum
2190 3406 2338 3467 haec
2366 3427 2429 3480 25

333 3511 513 3570 verba
569 3511 823 3569 maxime
880 3510 1215 3569 excellunt:
1269 3508 1331 3566 in
1389 3507 1631 3568 arbitrio
1688 3506 1772 3566 rei
1821 3505 2060 3565 uxoriae
2098 3504 2337 3564 'MELrvs
