2685 3938
446 273 520 331 50
803 259 899 315 De
937 260 1279 317 contentione
1318 260 1572 317 Honesti
1603 267 1662 318 et
1710 260 1887 318 Utiles
1995 255 2123 339 [III
2154 275 2290 317 xxx
2324 277 2349 316 1
2365 279 2436 317 10

439 450 619 489 causa
675 442 846 502 esset,
903 434 1261 508 deprecante
1317 443 1565 508 accepta
1619 435 1714 491 lex
1769 451 1892 491 non
1949 443 2052 490 est.
2170 430 2293 489 Hic
2350 450 2437 503 ea,

440 547 591 604 quae
641 527 951 587 videbatur
998 528 1235 600 utilitaS‚
1283 530 1417 605 plus
1466 529 1648 589 valuit
1698 549 1878 606 quam
1928 530 2228 600 honestaS,
2279 530 2438 605 apud

440 626 766 702 superiores
817 626 1086 686 utilitatis
1136 628 1364 704 species
1414 630 1560 687 falsa
1600 630 1678 688 ab
1722 627 2048 688 honestatis
2090 628 2439 686 auctoritate

439 735 711 802 superata
739 736 842 784 est.
1272 727 1281 733 ’

865 870 930 936 (e)
998 876 1046 922 A
1082 890 1203 922 man
1234 874 1295 937 of
1314 891 1516 937 courage
1549 882 1729 923 cannot
1758 874 1810 923 be
1825 874 2011 938 forced.

435 954 507 1006 iii.
584 956 684 1004 The
702 955 818 1019 fact
849 954 911 1018 of
940 955 1020 1003 his
1054 956 1396 1019 undertaking
1423 956 1504 1005 tlte
1541 957 1742 1006 mission
1776 957 1822 1005 is
1853 957 1934 1004 the
1968 958 2065 1005 best
2089 956 2246 1020 proof
2269 957 2332 1021 of
2360 958 2442 1007 his

1134 1040 1252 1103 high
1283 1054 1417 1088 sense
1448 1038 1510 1103 of
1528 1039 1735 1087 honour.

564 1174 693 1213 110.
783 1157 896 1213 ‘At
936 1173 1057 1213 non
1097 1154 1302 1214 debuit
1340 1164 1532 1213 ratum
1572 1173 1717 1227 esse,
1753 1154 1915 1231 quod
1954 1166 2078 1215 erat
2105 1167 2307 1214 actum
2335 1174 2440 1231 per
2467 1176 2497 1231 ς

435 1251 591 1312 vim.’
678 1249 863 1322 Quasi
892 1271 1031 1311 vero
1060 1250 1194 1311 forti
1222 1250 1348 1311 viro
1376 1251 1465 1310 vis
1494 1250 1681 1327 possit
1711 1249 1995 1310 adhiberi.
2083 1257 2098 1284 ‘
2117 1252 2239 1311 Cur
2266 1250 2439 1327 igitur

435 1352 514 1411 ad
576 1361 849 1410 senatum
903 1350 1399 1426 proficiscebatur,
1461 1370 1597 1410 cum
1654 1351 1997 1427 praesertim
2056 1353 2132 1410 de
2190 1350 2436 1427 captivis

435 1447 799 1508 dissuasurus
829 1449 1047 1508 essetP'
1131 1449 1311 1523 Quod
1345 1448 1667 1507 maximum
1699 1449 1759 1508 in
1791 1469 1865 1509 eo
1894 1460 2000 1521 est,
2032 1448 2094 1508 id
2124 1452 2436 1525 reprehen-

435 1544 590 1606 ditis.
676 1548 816 1605 Non
858 1545 1016 1606 enim
1053 1565 1162 1605 suo
1192 1545 1414 1605 iudicio
1446 1546 1625 1619 stetit,
1656 1548 1762 1606 sed
1793 1546 2051 1622 suscepit
2081 1566 2339 1619 causam,
2371 1558 2435 1606 ut

434 1654 588 1703 esset
625 1642 909 1702 iudicium
948 1653 1221 1703 senatus:
1267 1641 1363 1701 cui
1398 1642 1512 1701 nisi
1552 1644 1676 1720 ipse
1711 1653 1919 1702 auctor
1957 1642 2178 1716 fuisset,
2216 1643 2434 1719 captivi
2469 1665 2535 1701 10

434 1742 701 1817 profecto
769 1740 986 1800 Poenis
1047 1740 1265 1800 redditi
1320 1752 1519 1800 essent
1538 1761 1555 1815 3
1624 1741 1708 1800 ita
1763 1740 2076 1801 incolumis
2130 1740 2192 1800 in
2248 1741 2436 1817 patria

435 1840 699 1915 Regulus
744 1835 1065 1898 restitisset.
1154 1839 1336 1914 Quod
1383 1837 1523 1914 quia
1570 1836 1794 1915 patriae
1840 1857 1964 1896 non
2004 1837 2147 1898 utile
2188 1837 2432 1914 putavit,

432 1934 655 1998 idcirco
684 1933 796 1996 sibi
824 1934 1142 1995 honestum
1173 1948 1231 1996 et
1263 1936 1480 1996 sentire
1508 1936 1609 1995 illa
1636 1947 1697 1996 et
1725 1936 1845 2013 pati
1876 1934 2143 1995 eredidit.

430 2084 498 2133 iv.
564 2086 613 2132 A
648 2083 801 2146 thing
825 2089 1004 2131 cannot
1035 2083 1087 2131 be
1120 2084 1259 2131 made
1291 2084 1586 2132 honourable
1618 2084 1679 2146 by
1710 2083 1858 2146 being
1887 2083 2154 2147 expedient,
2195 2082 2251 2146 if
2279 2083 2435 2131 ollzer·

1168 2166 1282 2214 τοῖο-ε
1312 2166 1702 2214 dishonourable.

555 2285 713 2343 Nam
747 2282 909 2359 quod
938 2282 1118 2353 aiunt,
1152 2282 1317 2357 quod
1348 2282 1522 2340 valde
1552 2279 1695 2339 utile
1727 2280 1816 2351 sit,
1850 2281 1913 2339 id
1941 2278 2066 2338 fieri
2094 2282 2432 2354 honesturn,

434 2378 618 2441 immo
656 2401 795 2440 vero
834 2399 979 2450 esse,
1014 2398 1135 2438 non
1171 2378 1311 2438 fieri.
1403 2381 1508 2438 Est
1539 2378 1698 2437 enim
1730 2377 1876 2437 nihil
1905 2378 2049 2437 utile
2080 2379 2242 2454 quod
2272 2378 2435 2438 idem
2470 2401 2534 2452 15

434 2500 555 2540 non
595 2481 929 2550 honestum,
971 2498 1099 2550 nee,
1143 2479 1282 2554 quia
1319 2477 1480 2550 utile,
1523 2478 1860 2548 honestum,
1905 2478 2009 2536 sed
2050 2476 2188 2552 quia
2226 2478 2437 2536 hones-

436 2589 580 2649 tum,
623 2576 780 2634 utile.
873 2576 1009 2649 Qua
1055 2595 1118 2635 re
1168 2594 1242 2634 ex
1291 2573 1489 2633 multis
1534 2572 1900 2633 mirabilibus
1943 2572 2231 2650 exemplis
2273 2573 2435 2630 haud

435 2673 605 2733 facile
654 2673 784 2749 quis
834 2672 1041 2732 dixerit
1090 2674 1208 2732 hoc
1257 2674 1532 2749 exemplo
1583 2685 1683 2732 aut
1732 2671 2087 2731 laudabilius
2129 2682 2229 2730 aut
2272 2690 2438 2747 prae—

435 2782 699 2830 stannus.

441 2920 543 2970 The
572 2927 745 2968 return
773 2918 835 2983 of
854 2920 1076 2982 Regulus
1103 2934 1207 2966 was
1234 2925 1321 2966 not
1338 2933 1391 2967 so
1411 2919 1713 2967 remarkable
1743 2919 1801 2966 in
1823 2935 1892 2966 an
1914 2934 1999 2982 age
2020 2918 2180 2966 which
2203 2917 2445 2979 regarded

561 3018 633 3051 an
674 3005 753 3052 Oa
761 3002 823 3050 th
861 3018 917 3049 as
951 3002 1031 3049 tlte
1064 3000 1272 3049 strictest
1296 3000 1507 3063 possible
1543 3000 1804 3064 oblegalion
1821 3018 1840 3057 ,·
1883 3017 1939 3048 as
1973 3001 2016 3049 is
2042 3001 2232 3064 proved
2265 2999 2325 3060 by
2358 2999 2443 3047 the

562 3086 710 3133 Laws
744 3083 808 3149 of
837 3084 918 3131 tlte
955 3082 1082 3131 XII
1120 3083 1302 3142 Tables,
1349 3083 1429 3131 the
1467 3090 1699 3142 sacratae,
1744 3083 1942 3132 treaties
1977 3090 2081 3138 etc„
2121 3082 2231 3130 and
2260 3081 2320 3144 by
2357 3082 2439 3131 the

550 3167 842 3232 particular
868 3165 1090 3228 example
1119 3164 1181 3229 of
1202 3166 1280 3214 M.
1315 3166 1633 3228 Pomponius,

220 3286 405 3335 XXXI
561 3303 690 3342 111.
778 3282 895 3342 Sed
951 3301 1025 3340 ex
1080 3292 1205 3340 tota
1261 3282 1374 3340 hac
1423 3282 1598 3340 laude
1651 3280 1866 3357 Reguli
1915 3300 2100 3340 unum
2150 3278 2296 3338 illud
2347 3291 2438 3339 est
2468 3304 2537 3340 20
2641 3262 2642 3273 ἵ

434 3379 823 3440 admiratione
890 3378 1154 3453 dignum,
1213 3378 1376 3453 quod
1444 3378 1712 3453 captivos
1775 3377 2117 3437 retinendos
2182 3377 2429 3435 censuit.

437 3478 595 3534 Nam
630 3476 792 3551 quod
830 3475 999 3534 rediit
1035 3473 1209 3553 nobis
1243 3493 1405 3533 nunc
1439 3473 1707 3534 mirabile
1746 3475 1993 3548 videtur,
2034 3474 2146 3532 illis
2186 3472 2437 3549 quidem

436 3572 804 3648 temporibus
844 3571 1012 3630 aliter
1049 3572 1241 3632 facere
1280 3592 1406 3632 non
1444 3573 1653 3650 potuit.
1743 3575 1955 3650 Itaque
1993 3571 2106 3632 ista
2142 3573 2270 3631 laus
2309 3591 2436 3631 non
