2685 3938
373 269 451 321 40
797 253 894 309 De
934 250 1278 310 contentione
1319 249 1569 308 Honesti
1601 256 1656 307 et
1705 250 1880 309 Utilis
1936 244 2066 329 [111
2097 265 2260 306 xxm
2294 251 2368 322 89

370 427 706 498 soleremuS,
753 446 946 503 eoque
988 425 1191 501 magiS‚
1238 426 1402 501 quod
1444 424 1545 483 illa
1587 423 1863 484 ordinum
1906 422 2248 483 coniunctio
2290 423 2370 482 ad

369 525 617 583 salutem
648 523 733 583 rei
759 523 1034 601 publicae
1062 523 1410 600 pertinebat.

593 684 670 721 lv.
742 673 863 720 Caso
893 672 956 737 of
981 673 1133 721 Curio
1167 672 1225 720 in
1258 672 1339 719 the
1371 676 1554 719 matter
1581 670 1643 734 os
1663 670 1743 718 the
1784 650 2150 731 Transpadani.

495 780 657 837 Male
680 778 857 837 etiam
882 778 1082 851 Curio,
1106 797 1242 837 cum
1267 796 1505 836 causam
1531 776 2091 854 Transpadanorum
2116 793 2369 851 aequam

369 895 497 935 esse
563 874 817 947 dicebat,
877 894 1112 952 semper
1176 886 1375 935 autem
1444 874 1708 934 addebat
1773 871 2024 931 ‘Vincat
2079 870 2298 930 utilitas
2322 870 2369 928 1²

368 971 572 1031 Potius
614 974 859 1032 doceret
901 992 1024 1031 non
1067 992 1195 1032 esse
1237 991 1510 1048 aequam,
1553 970 1693 1049 quia
1733 990 1857 1030 non
1898 980 2052 1029 esset
2091 969 2247 1028 utilis
2285 967 2368 1027 rei
2397 984 2425 1038 5

368 1071 656 1147 publicae,
699 1090 877 1147 quam
916 1089 1053 1129 cum
1092 1070 1296 1130 utilem
1337 1089 1458 1128 non
1498 1089 1627 1129 esse
1667 1067 1905 1140 diceret,
1949 1087 2076 1127 esse
2115 1084 2365 1143 aequam

368 1170 656 1230 fateretur.

368 1316 575 1365 Several
587 1316 794 1365 similar
805 1315 1057 1379 practical
1078 1317 1222 1363 Cases
1249 1314 1311 1378 of
1329 1315 1595 1363 conscience
1605 1321 1708 1377 put
1731 1315 1840 1363 and
1855 1315 2072 1362 resolvod
2086 1314 2146 1376 by
2167 1315 2362 1361 Hecato.

548 1399 680 1446 Rule
711 1397 773 1461 of
791 1397 954 1445 action
988 1396 1046 1445 in
1077 1397 1194 1444 such
1230 1411 1358 1444 cases
1390 1396 1481 1443 has
1513 1396 1625 1443 been
1658 1395 1860 1457 already
1893 1395 2006 1443 laid
2029 1395 2188 1443 down.

150 1525 340 1575 XX111
491 1505 586 1578 89.
673 1504 892 1562 Plenus
931 1513 1020 1562 est
1048 1512 1245 1561 sextus
1276 1501 1426 1561 liber
1455 1502 1531 1561 de
1561 1500 1768 1560 officiis
1801 1500 2134 1560 Hecatonis
2166 1501 2367 1560 talium

371 1600 824 1677 quaestionum:
871 1598 1056 1659 ‘sitne
1095 1598 1237 1660 boni
1277 1598 1383 1658 viri
1421 1598 1482 1657 in
1524 1598 1782 1657 maxima
1819 1599 2059 1659 caritate
2093 1590 2396 1659 annonae¹

369 1696 647 1757 familiam
707 1716 830 1756 non
884 1697 1076 1756 alere.'
1162 1700 1236 1757 In
1292 1706 1605 1774 utramque
1654 1708 1879 1774 partem
1930 1696 2209 1774 disputat,
2263 1699 2371 1756 sed
2403 1715 2463 1750 10

371 1805 568 1855 tamen
636 1794 716 1854 ad
769 1804 1094 1855 extremum
1154 1793 1422 1867 utilitate,
1481 1804 1545 1854 ut
1601 1804 1786 1870 putat,
1846 1793 2103 1853 officium
2181 1791 2371 1870 dirigit

373 1892 558 1969 magis
622 1911 803 1969 quam
861 1893 1243 1952 humanitate.
1362 1889 1625 1967 Quaerit,
1691 1889 1772 1949 ‘si
1828 1891 1889 1949 in
1948 1890 2095 1949 mari
2150 1891 2373 1951 iactura

370 1989 642 2050 facienda
672 1992 762 2061 sit,
796 1992 1010 2067 equine
1038 1990 1278 2068 pretiosi
1307 1988 1506 2069 potius
1536 1989 1815 2049 iacturam
1848 1989 2025 2048 saciat
2053 2010 2131 2048 an
2159 1990 2371 2049 servoli

370 2087 576 2148 vilis?’
663 2090 786 2148 Hic
823 2089 941 2149 alio
979 2109 1071 2148 res
1109 2088 1427 2163 familiariS,
1472 2088 1589 2148 alio
1628 2086 1794 2148 ducit
1830 2088 2288 2148 humanitas.—-‘
2310 2087 2370 2149 Si

374 2186 637 2245 tabulam
680 2186 758 2245 de
795 2187 1097 2264 naufragio
1137 2189 1350 2246 stultus
1388 2184 1707 2263 arripuerit,
1750 2186 2199 2263 extorquebitne
2238 2205 2369 2245 eam
2402 2205 2460 2258 15

373 2280 624 2359 sapienS,
670 2281 718 2341 si
766 2283 1098 2360 potueritP'
1183 2286 1394 2361 Negat,
1444 2281 1614 2359 ‘quia
1657 2282 1731 2342 sit
1773 2281 2186 2341 iniurium.'—‘
2206 2281 2371 2356 Quid

376 2379 655 2441 dominus
683 2380 893 2441 navis?
935 2382 1219 2460 eripietne
1248 2384 1481 2443 suum?'
1554 2387 1569 2415 ‘
1592 2381 1859 2453 Minime,
1886 2401 2005 2440 non
2037 2383 2169 2459 plus
2191 2401 2368 2456 quam

377 2478 752 2556 navigantem
782 2480 842 2539 in
873 2482 995 2541 alto
1024 2481 1214 2541 eicere
1243 2483 1319 2541 de
1350 2480 1485 2540 navi
1511 2479 1667 2552 velit,
1700 2479 1839 2555 quia
1868 2499 1974 2540 sua
2001 2480 2087 2539 sit.
2153 2482 2371 2555 Quoad

376 2574 538 2636 enim
576 2587 926 2656 perventum
947 2590 1058 2655 ⁶est
1097 2597 1187 2652 e0,
1218 2597 1339 2655 quo
1379 2590 1613 2655 sumpta
1651 2576 1816 2636 navis
1854 2589 1960 2648 est,
1992 2597 2113 2637 non
2141 2576 2373 2638 domini

375 2682 467 2732 est
502 2673 670 2732 navis
699 2675 806 2733 sed
833 2673 1274 2751 navigantium!
1376 2695 1469 2751 90.
1544 2672 1785 2749 ‘Quid?
1827 2673 1875 2732 si
1905 2694 2022 2733 una
2051 2674 2253 2734 tabula
2279 2672 2368 2746 sit,
2400 2700 2468 2735 20

378 2771 501 2830 duo
541 2771 803 2849 naufragi
844 2772 1016 2850 eique
1055 2772 1369 2851 sapienteS,
1403 2771 1593 2832 sibine
1631 2784 1877 2848 uterque
1905 2772 2095 2849 rapiat
2123 2791 2199 2830 an
2227 2772 2374 2831 alter

378 2868 554 2928 cedat
591 2868 832 2928 alteri?’
919 2871 1146 2932 ‘Cedat
1183 2890 1340 2941 vero,
1373 2870 1480 2930 sed
1518 2868 1573 2929 ei
1612 2867 1782 2928 cuius
1810 2869 1998 2945 magis
2025 2868 2250 2929 intersit
2279 2870 2374 2929 vel

374 2984 481 3024 sua
523 2966 618 3025 vel
659 2964 741 3026 rei
781 2964 1056 3044 publicae
1099 2985 1277 3026 causa
1318 2964 1650 3026 vivere.'—‘
1670 2966 1878 3040 Quid?
1933 2965 1982 3024 si
2023 2966 2171 3025 haec
2211 2963 2374 3043 paria

373 3063 438 3121 in
482 3062 811 3140 utroque?'
900 3065 1180 3125 ‘Nullum
1222 3063 1327 3124 erit
1368 3074 1685 3137 certamen,
1727 3064 1832 3123 sed
1871 3062 2040 3141 quasi
2078 3074 2234 3123 sorte
2273 3076 2372 3123 aut

375 3161 655 3223 micando
699 3162 892 3223 victus
941 3161 1105 3223 alteri
1156 3163 1329 3223 cedet
1379 3163 1661 3222 alter.'—‘
1680 3161 1886 3236 Quid?
1935 3161 1984 3221 si
2031 3174 2199 3241 pater
2217 3163 2375 3241 ‘sana
2402 3179 2466 3233 25

480 3335 499 3368 1
539 3320 757 3369 solemus
796 3321 870 3369 Or
898 3327 1068 3368 contra
1099 3320 1229 3369 codd.
1299 3324 1318 3377 11
1385 3338 1417 3382 4
1449 3319 1615 3369 vincat
1653 3319 1840 3369 utilitas
1875 3319 2174 3384 reipublicae
2213 3319 2299 3368 Or'
2315 3320 2378 3366 St

371 3416 400 3451 e
419 3401 577 3451 Bern.
600 3417 626 3449 c
690 3405 710 3459 n
777 3400 809 3451 6
839 3401 1040 3450 doceret
1062 3402 1145 3450 Ba
1166 3400 1333 3450 Heius
1355 3402 1439 3450 Lu
1467 3418 1579 3450 cum
1600 3402 1794 3466 aliquot
1811 3402 1959 3458 codd„
1984 3402 2167 3450 diceret
2198 3401 2272 3450 Or
2290 3401 2337 3450 Z
2356 3405 2375 3458 ΙΙ

381 3496 400 3529 1
416 3497 434 3530 1
473 3488 528 3530 ut
548 3487 689 3544 putat
711 3498 788 3530 om
817 3483 892 3532 Or
943 3485 963 3539 ΙΙ
1018 3497 1074 3532 21
1113 3482 1206 3531 sibi
1230 3488 1404 3531 neuter
1427 3483 1471 3530 Z
1490 3483 1551 3531 St
1574 3498 1686 3531 cum
1716 3489 1809 3546 opt.
1837 3482 1965 3531 codd.
1991 3482 2150 3531 sibine
2173 3488 2377 3545 uterque

375 3562 459 3612 Ba
489 3563 653 3611 Heius
682 3563 782 3609 Mu
803 3577 913 3646 εαξη
950 3563 1176 3625 Victor-co,
1200 3563 1359 3614 sibine
1381 3571 1491 3614 uter
1517 3565 1591 3614 Or
1592 3564 1812 3629 sortasse
1833 3572 1955 3614 recte
