2685 3938
373 247 449 305 74
745 229 1051 289 NOTES
1128 229 1308 288 BOOK
1339 228 1440 285 III
1472 245 1541 285 cc
1571 244 1635 285 ιν
1660 242 1701 283 v
1724 228 1780 302 55
1812 246 1885 283 20
1919 246 1985 284 21

369 401 427 449 of
453 399 536 448 the
560 398 832 448 Academia
854 404 972 457 sect,
1001 398 1099 446 and
1126 396 1366 446 Aristotle
1395 395 1453 444 of
1480 395 1565 444 the
1590 394 1902 459 Peripatetic,
1926 396 2049 445 both
2072 395 2290 455 derived,
2318 396 2371 445 in

366 487 505 545 great
534 495 773 538 measure,
805 479 933 529 their
964 479 1213 528 doctrines
1245 477 1374 527 from
1408 493 1439 525 a
1471 492 1702 527 common
1738 492 1926 535 source,
1962 477 2207 528 Socrates.
2274 478 2369 542 Cp.

369 575 388 611 1
409 564 438 622 5
463 578 489 611 α
518 562 601 611 sed
626 569 790 611 tamen
818 567 986 610 nostra
1010 558 1106 623 (Le.
1137 558 1447 624 Academica)
1479 561 1654 624 legens,
1685 575 1786 608 non
1815 561 2033 609 multum
2063 576 2097 609 a
2134 561 2277 609 Peri
2270 567 2370 624 pa·

367 646 571 695 teticis
607 645 985 701 dissidentia,
1030 644 1266 708 quoniam
1320 644 1524 708 utrique
1564 650 1614 692 et
1655 644 1948 693 Socratici
1982 651 2030 692 et
2066 643 2375 713 Platonici

367 728 596 776 volumus
632 743 728 776 esse
743 744 769 786 ;
813 728 911 775 and
950 726 1015 774 de
1050 726 1145 790 leg.
1184 738 1202 774 1
1239 727 1266 783 5
1303 726 1365 786 38
1406 725 1711 774 Aristotelem
1749 731 1793 773 et
1840 726 2220 790 Theophrastum
2257 741 2371 774 cum

369 809 629 872 §Peusippo
650 809 924 858 Xenocrate
943 808 1191 857 Polemone
1211 806 1314 870 (the
1336 807 1424 856 old
1447 804 1761 869 Academics)
1785 813 2099 871 congruentes
2120 823 2184 863 re,
2195 823 2372 871 genere

366 892 568 941 docendi
578 893 816 954 paullum
839 890 1129 956 differentes.
1199 891 1294 941 See
1321 890 1451 939 Reid
1474 906 1541 939 on
1564 890 1720 940 Acad.
1743 902 1766 939 1
1786 892 1814 950 5
1842 902 1916 952 17.

463 976 500 1021 1.
520 978 595 1022 19.
664 973 1011 1033 splendidius]
1046 978 1059 999 ‘
1077 988 1214 1022 more
1246 970 1492 1037 grandly‚’
1530 977 1542 999 ‘
1563 988 1699 1022 more
1728 972 1915 1035 nobly,’
1939 988 2018 1037 cp.
2044 974 2070 1032 5
2099 988 2206 1028 101,
2231 984 2248 1020 1
2272 974 2300 1032 5
2322 990 2369 1033 4,

367 1055 433 1104 de
454 1054 539 1103 fin.
565 1067 586 1103 1
607 1057 635 1116 5
657 1053 689 1104 6
709 1055 835 1118 quid
858 1055 1050 1115 habent,
1079 1072 1172 1104 cur
1204 1056 1389 1104 Graeca
1417 1061 1721 1118 anteponant
1746 1055 1812 1103 iis
1838 1070 1965 1118 quae
1993 1061 2041 1102 et
2069 1054 2371 1118 splendide

368 1137 498 1186 dieta
518 1136 624 1185 sint
646 1153 799 1201 neque
819 1138 931 1186 sint¹
943 1153 1171 1186 conversa
1188 1138 1244 1186 de
1273 1138 1471 1186 Graecis
1485 1136 1512 1186 ?
1543 1137 1691 1186 Tusc.
1714 1148 1781 1185 111
1804 1139 1832 1197 5
1855 1153 1915 1186 22
1939 1136 2187 1185 sententiis
2208 1144 2373 1186 tamen

369 1222 609 1270 utendum
645 1237 813 1270 eorum
853 1218 1171 1284 (Stoicorum)
1203 1221 1538 1284 potissimum,
1574 1223 1672 1285 qui
1699 1221 1918 1270 maxime
1939 1220 2075 1284 sorti
2105 1227 2166 1280 et,
2207 1227 2264 1268 ut
2296 1220 2372 1269 ita

369 1303 546 1362 dicam,
573 1303 722 1352 virili
750 1310 975 1351 utuntur
999 1303 1190 1352 ratione
1210 1309 1358 1366 atque
1377 1303 1639 1351 sententia.
1706 1302 1836 1351 Reid
1861 1303 2053 1350 Introd.
2079 1308 2132 1350 to
2153 1300 2371 1352 Cicero's

370 1385 529 1433 Acad.
555 1400 605 1448 p.
630 1384 712 1432 xvi
735 1383 814 1433 ed.
843 1400 888 1433 2.

466 1467 820 1526 disseruntur]
855 1470 967 1515 ‘are
998 1465 1333 1529 expounded.’
1400 1464 1495 1529 Cp.
1524 1465 1588 1514 de
1613 1465 1696 1514 fin.
1729 1477 1793 1514 111
1825 1468 1852 1525 5
1891 1481 1950 1516 ιο
1979 1465 2143 1515 where
2171 1481 2203 1514 a
2234 1465 2370 1515 Stoic

370 1548 691 1614 philosopher
733 1563 844 1611 says
880 1547 1135 1611 quidquid
1172 1548 1306 1595 enim
1340 1553 1540 1611 praeter
1576 1547 1634 1594 id
1672 1546 1803 1611 qnod
1832 1546 2086 1594 honestum
2128 1545 2198 1595 sit
2236 1554 2370 1610 expe-

369 1627 571 1676 tendum
603 1642 697 1676 esse
726 1626 913 1675 dixeris
945 1627 1004 1674 in
1035 1626 1263 1688 bonisque
1294 1626 1637 1674 numeraveris
1652 1625 1987 1674 :-honestum
2022 1626 2202 1688 ipsum,
2223 1625 2375 1689 quasi

368 1709 576 1758 virtutis
601 1710 786 1764 lumen,
809 1708 1082 1757 extinxeris
1097 1726 1113 1758 :
1147 1707 1246 1756 and
1271 1719 1316 1756 11
1338 1710 1365 1767 5
1390 1724 1417 1771 3
1423 1724 1467 1771 5,
1494 1708 1657 1756 where
1687 1706 1863 1757 Zeno’s
1875 1708 2013 1773 finis
2040 1708 2300 1757 honestatis
2329 1708 2371 1757 is

370 1790 477 1840 said
500 1797 553 1839 to
574 1790 638 1839 be
649 1789 813 1853 posita
835 1789 890 1837 in
910 1789 1070 1837 decore
1089 1794 1207 1849 tota,
1232 1787 1290 1836 id
1313 1795 1397 1848 est,
1425 1789 1686 1845 honestate,
1710 1788 1919 1838 without
1950 1805 2047 1853 any
2067 1787 2292 1837 addition
2314 1805 2372 1838 or

371 1872 726 1923 modification.
793 1873 926 1934 [The
949 1871 1084 1922 MSS
1113 1870 1319 1935 reading
1347 1870 1692 1974 disserentur
1678 1887 1720 1920 is
1748 1871 2009 1935 explained
2035 1872 2102 1936 by
2126 1871 2372 1921 Fabritius

370 1972 479 2005 as=
488 1955 663 2005 disseri
670 1954 948 2020 poterunt.]

465 2041 502 2087 1.
542 2042 617 2086 22.
691 2050 851 2097 quam
887 2041 956 2087 ab
1000 2038 1100 2098 eis]
1142 2052 1211 2086 sc.
1250 2036 1553 2086 Academicis
1594 2044 1641 2085 et
1681 2038 2023 2102 Peripatetices.
2089 2041 2373 2087 hanutum

368 2120 648 2180 fflqde‘
658 2134 797 2168 some
818 2118 1085 2183 particular
1106 2119 1263 2168 moral
1294 2117 1410 2175 act‚’
1433 2118 1478 2166 if
1502 2127 1590 2167 not
1612 2118 1679 2166 all
1704 2134 1759 2167 or
1783 2135 1946 2182 many,
1972 2119 2137 2168 which
2159 2120 2200 2168 is
2223 2119 2372 2169 much

369 2200 455 2250 the
491 2217 628 2250 same
663 2201 804 2265 thing
841 2217 895 2249 as
934 2199 1110 2264 saying
1153 2201 1166 2225 ‘
1182 2201 1338 2249 under
1376 2200 1560 2265 special
1599 2201 2014 2262 circumstanceS,’
2054 2203 2279 2268 opposed
2316 2211 2372 2253 to

368 2298 524 2341 omne,
551 2282 632 2332 ‘in
654 2283 723 2331 all
744 2282 1160 2341 circumstances,’
1185 2294 1203 2329 1
1226 2284 1254 2342 5
1272 2294 1332 2345 27
1359 2284 1417 2330 in
1438 2283 1579 2331 omni
1597 2283 1871 2332 iniustitia.

465 2386 525 2427 ι’.
562 2384 620 2438 0,
659 2383 696 2429 1.
735 2384 781 2428 2.
847 2371 1117 2429 noent-iam
1152 2383 1265 2440 dat,
1307 2381 1619 2441 tlt—liceat]
1686 2381 1786 2430 For
1824 2380 1908 2430 the
1943 2379 2252 2444 subjunctive
2290 2398 2373 2431 see

369 2466 396 2524 5
437 2480 490 2526 15
529 2464 563 2512 l.
609 2480 680 2513 11.
750 2463 800 2512 A
839 2463 1025 2512 similar
1065 2463 1384 2528 redundancy
1422 2464 1479 2513 of
1506 2464 1789 2528 expression
1829 2481 1999 2515 occurs
2036 2466 2087 2514 in
2125 2468 2153 2525 5
2192 2479 2252 2529 37
2287 2467 2375 2514 lzoc

370 2547 742 2597 deliberantium
767 2561 925 2608 genus
952 2547 1048 2609 qui
1074 2546 1360 2605 deliberant,
1407 2563 1424 2595 1
1461 2548 1488 2606 5
1519 2549 1548 2597 8
1579 2562 1633 2594 ea
1661 2547 1730 2595 sic
1760 2547 2011 2612 definiunt
2041 2548 2372 2613 ut...officium

368 2627 629 2692 perfectum
650 2642 745 2675 esse
765 2626 1024 2690 definiant.
1044 2652 1051 2660 ·

465 2711 693 2757 maxime
730 2707 1022 2768 probabile]
1063 2708 1142 2757 ‘in
1185 2709 1270 2759 the
1307 2710 1504 2773 highest
1543 2711 1722 2775 degree
1759 2710 2032 2775 probable.’
2098 2712 2210 2761 The
2242 2713 2372 2761 Aca-

371 2792 557 2840 demics
577 2790 820 2840 admitted
842 2791 1045 2854 degrees
1068 2790 1127 2839 of
1141 2792 1460 2856 probability,
1482 2793 1570 2841 but
1595 2801 1682 2842 not
1705 2793 1763 2842 of
1778 2792 2034 2856 certainty.
2092 2794 2189 2858 Cp.
2207 2806 2250 2843 11
2268 2797 2296 2855 5
2321 2810 2368 2859 7,

374 2884 438 2921 111
452 2874 480 2932 5
497 2888 573 2935 33,
597 2872 745 2921 Tusc.
762 2882 799 2919 v
816 2873 844 2930 5
869 2888 928 2935 33
951 2887 1062 2920 cum
1086 2872 1201 2920 aliis
1222 2873 1314 2920 isto
1337 2874 1488 2933 modo,
1508 2874 1599 2938 qui
1615 2874 1798 2937 legibus
1821 2873 2064 2937 impositis
2082 2875 2368 2938 disputant.-

371 2969 455 3002 nos
477 2955 533 3001 in
555 2953 681 3002 diem
707 2953 931 3002 vivimus
937 2968 962 3013 ‚·
993 2954 1327 3017 quodcumque
1359 2962 1543 3003 nostros
1571 2956 1763 3004 animos
1786 2956 2093 3019 probabili
2100 2963 2222 3005 tate
2246 2964 2371 3020 per-

370 3034 576 3093 cussit,
604 3034 661 3081 id
676 3033 899 3093 dicimus,
925 3034 1089 3096 itaque
1110 3033 1201 3082 soli
1219 3049 1394 3082 sumus
1417 3035 1572 3084 liberi.

466 3118 503 3163 1.
527 3121 573 3164 8.
640 3115 942 3176 formulam]
974 3116 1135 3164 above
1155 3116 1184 3175 5
1211 3115 1326 3179 191.
1359 3134 1432 3166 η.

1145 3318 1488 3367 CHAPTER
1531 3319 1578 3366 V

468 3449 495 3506 5
531 3451 631 3505 21,
665 3451 705 3496 1.
736 3454 784 3497 4.
851 3452 1479 3512 detrahere—hominem]
1524 3451 1606 3517 ige.
1640 3452 1890 3502 detrahere
1926 3452 2190 3516 aliquem
2229 3447 2379 3497 alteri

374 3528 571 3590 aliquid
586 3536 644 3588 et,
671 3546 784 3580 cum
805 3534 874 3580 sit
892 3535 1045 3592 homo,
1072 3540 1156 3582 etc.
1232 3532 1297 3596 (A
1303 3536 1439 3592 lien.)
1505 3537 1690 3593 igitur,
1725 3537 1738 3560 ‘
1756 3534 1888 3591 well,
1913 3534 2069 3593 then‚'
2091 3531 2376 3582 introduces

376 3606 459 3654 the
481 3610 678 3670 general
703 3612 808 3661 rule
831 3629 885 3661 or
909 3613 1117 3661 formula
1142 3614 1353 3664 referred
1376 3622 1429 3664 to
1453 3616 1503 3663 in
1527 3620 1553 3675 5
1581 3631 1654 3665 πο.
