2685 3938
316 243 416 301 III
448 260 579 301 xxv
612 238 710 323 96]
802 242 894 301 De
934 243 1276 302 contentione
1318 241 1567 299 Honesti
1599 248 1653 299 et
1702 241 1879 301 Utilis
2240 260 2320 321 43

311 413 732 487 Agamemnon
790 430 925 471 cum
983 410 1321 471 devovisset
1375 409 1606 471 Dianae
1656 412 1818 488 quod
1869 409 1930 470 in
1980 430 2089 471 suo
2137 429 2320 488 regno

312 505 770 582 pulcherrimum
800 519 1006 567 natum
1038 518 1193 569 esset
1221 506 1324 568 illo
1355 528 1531 578 ann0,
1566 507 1893 568 immolavit
1924 506 2316 586 Iphigeniam,

311 622 430 680 qua
458 603 605 662 nihil
636 615 758 663 erat
787 624 861 664 eo
891 603 1133 679 quidem
1163 624 1325 665 anno
1355 615 1563 666 natum
1592 606 1867 682 pulcrius.
1955 604 2314 666 Promissum

312 699 510 777 potius
548 720 672 761 non
710 701 1048 762 faciendum
1089 722 1270 779 quam
1313 715 1435 763 tam
1466 713 1718 764 taetrum
1749 701 1977 763 facinus
2005 701 2318 764 admitten-

311 800 457 859 dum
486 798 607 858 fuit.
2346 815 2373 868 5

637 967 733 1001 nor
760 960 809 1001 to
834 953 951 1017 give
985 959 1053 1017 up
1084 969 1118 1002 a
1151 954 1303 1017 thing
1329 953 1611 1002 committed
1635 960 1683 1002 to
1715 953 1797 1002 his
1839 953 1889 1001 T
1880 960 2006 1001 rust.

434 1058 589 1136 Ergo
647 1068 705 1117 et
754 1056 1045 1134 promissa
1091 1077 1215 1118 non
1263 1058 1534 1119 facienda
1580 1079 1702 1118 non
1750 1078 2072 1135 numquam
2123 1078 2317 1136 neque

310 1176 546 1234 semper
584 1156 860 1234 deposita
893 1158 1212 1218 reddenda.
1303 1157 1366 1218 Si
1398 1157 1663 1235 gladium
1703 1156 1836 1234 quis
1874 1160 2035 1234 apud
2076 1168 2133 1218 te
2174 1178 2317 1218 sana

309 1266 508 1314 mente
549 1252 906 1332 deposuerit,
953 1266 1182 1331 repetat
1224 1254 1544 1329 insanienS,
1585 1255 1833 1317 reddere
1871 1266 2183 1333 peccatum
2223 1254 2312 1329 sit,

308 1350 571 1412 officium
611 1371 732 1412 non
774 1354 1037 1414 reddere.
1130 1352 1337 1429 Quid?
1380 1353 1428 1413 si
1468 1352 1533 1424 is,
1567 1354 1667 1429 qui
1708 1353 1869 1430 apud
1908 1363 1966 1413 te
2000 1352 2312 1429 pecuniam

307 1446 668 1525 deposuerit,
730 1450 951 1509 bellum
1008 1449 1218 1510 inferat
1275 1450 1519 1527 patriae,
1581 1451 1873 1511 reddasne
1930 1449 2313 1527 depositum?
2349 1465 2408 1502 10

310 1549 470 1620 Non,
503 1550 684 1609 credo
705 1568 720 1621 3
763 1547 944 1608 facies
986 1549 1142 1608 enim
1186 1561 1392 1609 contra
1431 1568 1553 1610 rem
1595 1550 1913 1626 publicam,
1946 1568 2100 1625 quae
2134 1550 2316 1610 debet

308 1664 437 1705 esse
468 1643 784 1705 carissima.

306 1797 388 1858 By
424 1796 552 1845 these
594 1796 866 1861 Examples
904 1796 947 1845 it
984 1802 1192 1860 appears
1229 1797 1341 1845 tleat
1378 1795 1565 1845 actions
1604 1796 1661 1844 in
1700 1796 1983 1846 themselves
2020 1796 2170 1861 right,
2199 1814 2315 1861 may

607 1894 735 1927 cease
768 1884 816 1926 to
849 1878 901 1927 be
933 1895 983 1928 so
1015 1878 1158 1927 when
1191 1880 1272 1927 the
1301 1879 1676 1927 circumstances
1708 1894 1796 1927 are
1823 1878 2022 1927 altered.

421 1993 514 2067 96.
600 1988 699 2051 Sic
717 1989 917 2061 multa,
941 2007 1094 2065 quae
1116 1989 1369 2050 honesta
1388 2001 1597 2050 natura
1614 1988 1887 2049 videntur
1905 2007 2050 2059 esse,
2073 1998 2300 2064 tempo-

298 2091 460 2150 ribus
489 2091 636 2148 fiunt
672 2107 795 2149 non
830 2088 1097 2149 honesta.
1184 2089 1403 2158 Facere
1444 2086 1748 2164 promissa,
1785 2098 1937 2147 stare
1973 2083 2299 2156 conventiS,

298 2187 544 2247 reddere
597 2185 870 2264 deposita
925 2196 1287 2245 commutata
1344 2184 1596 2245 utilitate
1651 2186 1800 2244 fiunt
1855 2202 1977 2242 non
2031 2181 2299 2242 honesta.
2337 2206 2396 2260 15

299 2286 391 2344 Ac
447 2284 526 2344 de
579 2281 664 2344 eis
719 2283 979 2361 quidem,
1041 2302 1193 2360 quae
1248 2283 1523 2344 videntur
1578 2302 1705 2344 esse
1762 2281 2044 2341 utilitates
2100 2290 2303 2340 contra

299 2380 584 2443 iustitiam
613 2381 987 2443 simulatione
1019 2381 1383 2459 prudentiae,
1416 2380 1558 2442 satis
1586 2379 1833 2441 arbitror
1864 2381 2107 2440 dictum.

420 2482 541 2542 Sed
570 2478 855 2558 quoniam
889 2500 927 2540 a
962 2490 1239 2557 quattuor
1267 2479 1532 2539 fontibus
1565 2475 1893 2539 honestatis
1931 2475 2125 2554 primo
2154 2475 2305 2536 libro

299 2577 495 2639 officia
536 2577 825 2650 duximus,
869 2574 931 2637 in
990 2576 1215 2637 eisdem
1258 2596 1571 2647 versemur,
1631 2594 1767 2635 cum
1812 2574 2159 2635 docebimus
2216 2594 2303 2646 ea,

300 2695 454 2754 quae
495 2676 806 2737 videantur
861 2693 992 2736 esse
1045 2674 1213 2736 utilia
1254 2693 1452 2752 neque
1507 2673 1643 2750 sint,
1691 2690 1869 2749 quam
1921 2670 2036 2731 sint
2078 2672 2307 2734 virtutis
2336 2694 2402 2732 20

300 2767 560 2828 inimica.
647 2770 739 2826 Ac
775 2766 852 2825 de
892 2764 1208 2842 prudentia
1246 2763 1510 2841 quidem,
1554 2783 1731 2840 quam
1773 2764 1898 2822 vult
1936 2762 2150 2823 imitari
2189 2783 2307 2823 ma-

300 2865 442 2939 litia,
476 2866 740 2941 itemque
772 2864 850 2923 de
889 2860 1127 2934 iustitia,
1161 2880 1313 2939 quae
1354 2879 1588 2937 semper
1617 2871 1706 2920 est
1733 2858 1910 2932 utilis»,
1940 2859 2305 2938 disputatum

300 2975 406 3025 est.
496 2962 786 3039 Reliquae
831 2971 969 3020 sunt
1008 2960 1165 3020 duae
1204 2968 1403 3035 partes
1441 2955 1787 3030 honestatiS,
1832 2977 2080 3034 quarum
2122 2960 2306 3018 altera

300 3061 361 3121 in
416 3060 599 3122 animi
655 3058 997 3122 excellentis
1054 3056 1465 3135 magnitudine
1513 3068 1573 3117 et
1623 3057 1982 3133 praestantia
2030 3057 2302 3130 cernitur,

298 3160 483 3219 altera
545 3156 608 3218 in
674 3158 1146 3218 conformatione
1204 3165 1262 3215 et
1319 3153 1729 3215 moderatione
1786 3154 2190 3216 continentiae
2247 3167 2307 3216 et
2333 3169 2393 3223 25

300 3255 742 3335 temperantiae.

404 3430 460 3479 19
494 3412 799 3463 versabimur
839 3413 935 3461 lm·
966 3412 1044 3461 Al
1080 3413 1165 3467 Or,
1207 3425 1458 3459 versemur
1492 3409 1620 3459 cockl.
1693 3411 1712 3466 ΙΙ
1783 3425 1845 3458 20
1879 3410 2105 3457 videntur
2149 3409 2224 3457 Or
2286 3414 2305 3466 ΙΙ

303 3514 355 3547 21
409 3511 467 3546 ac
511 3495 576 3546 de
622 3494 997 3560 prudentia—et
1045 3492 1400 3557 temperantiae
1445 3498 1505 3539 ut
1545 3490 1723 3554 spuria
1765 3489 1961 3538 seclusit
1997 3489 2076 3536 Ba
2113 3496 2306 3536 auctore

299 3580 569 3630 Facciolato
