2685 3938
338 266 440 324 III
473 284 630 325 xxlv
663 261 764 346 92]
793 266 918 323 ·De
957 266 1300 324 contentione
1338 264 1591 321 Honesti
1623 270 1678 321 et
1726 264 1904 322 Utilis
2263 282 2333 334 41

335 435 572 512 expilet,
612 433 918 494 cuniculos
963 444 1096 511 agat
1137 434 1215 493 ad
1258 432 1564 506 aerarium,
1607 432 1906 493 indicetne
1945 429 2007 491 id
2046 430 2343 508 magistra-

335 531 494 591 tibus
532 530 762 615 filiusifl'
848 533 1066 591 ‘Nefas
1106 530 1166 590 id
1208 530 1452 607 quidem
1491 540 1615 591 est:
1659 528 1800 607 quin
1843 529 2019 589 etiam
2062 529 2343 589 defendat

335 629 673 707 patrem,·si
715 631 1026 707 arguatur.'
1115 629 1290 688 ‘Non
1335 627 1510 704 igitur
1545 627 1733 706 patria
1768 638 2025 705 praestat
2064 625 2341 687 omnibus

336 725 623 786 officiis?'
738 728 974 785 ‘Immo
1039 745 1195 798 vero,
1256 725 1362 785 sed
1429 723 1538 802 ipsi
1595 724 1818 802 patriae
1875 724 2155 785 conducit
2210 725 2340 802 pios

337 824 555 884 habere
584 824 742 884 cives
774 824 834 883 in
865 824 1279 902 parentes.'—‘
1298 822 1507 898 Quid?
1549 824 1595 883 si
1627 823 1999 900 tyrannidem
2030 842 2336 900 occupare,
2367 841 2395 895 5

336 919 385 980 si
412 919 662 999 patriam
691 922 943 999 prodere
974 919 1285 981 conabitur
1312 932 1496 998 pater,
1530 920 1803 980 silebitne
1831 919 2059 978 filius?'
2108 925 2122 952 ‘
2143 922 2339 977 Immo

337 1038 477 1078 vero
535 1017 869 1079 obsecrabit
924 1031 1173 1096 patrem,
1225 1039 1301 1079 ne
1358 1018 1420 1078 id
1469 1017 1660 1079 faciat.
1748 1017 1811 1079 Si
1861 1017 2005 1076 nihil
2053 1017 2338 1095 proficiet,

334 1117 653 1190 accusabit,
697 1117 1020 1177 minabitur
1062 1118 1259 1189 etiarn,
1300 1117 1379 1176 ad
1422 1128 1766 1189 extremum,
1809 1115 1857 1175 si
1901 1116 1978 1175 ad
2016 1114 2337 1193 perniciem

332 1214 557 1292 patriae
585 1235 678 1275 res
710 1213 1018 1293 spectabit,
1044 1213 1267 1293 patriae
1297 1215 1549 1274 salutem
1579 1226 1902 1292 anteponet
1927 1214 2097 1273 saluti
2122 1212 2340 1291 patris!

336 1332 425 1387 91.
517 1313 764 1387 Quaerit
821 1313 1018 1385 etiam,
1073 1315 1152 1372 ‘si
1205 1313 1440 1390 sapiens
1497 1311 1859 1371 adulterinos
1914 1331 2129 1372 numos
2179 1331 2340 1371 acce·
2369 1334 2429 1370 10

333 1410 484 1488 perit
522 1410 867 1488 imprudens
905 1431 1011 1489 pro
1053 1410 1242 1484 boni5‚
1277 1430 1416 1469 curn
1456 1408 1518 1468 id
1558 1408 1833 1482 rescierit,
1866 1411 2238 1469 soluturusne
2267 1407 2341 1468 sit

334 1527 454 1578 eOS‚
514 1509 560 1567 si
619 1508 716 1568 cui
773 1509 1007 1581 debeat,
1059 1527 1167 1586 pro
1225 1506 1436 1568 bonis.'
1522 1506 1823 1585 Diogenes
1879 1506 1975 1579 ait,
2030 1508 2342 1584 Antipater

336 1617 529 1682 negat,
578 1606 674 1666 cui
730 1606 928 1685 potius
985 1607 1395 1666 assentior.—‘
1417 1606 1538 1680 Qui
1586 1604 1791 1664 vinum
1841 1605 2070 1683 fugiens
2118 1606 2340 1665 vendat

335 1702 545 1775 scienS‚
579 1705 877 1765 debeatne
917 1701 1191 1764 dicere?'
1276 1704 1454 1762 ‘Non
1497 1701 1773 1762 necesse'
1807 1711 1978 1780 putat
2017 1700 2335 1780 DiogeneS‚

335 1802 646 1879 Antipater
691 1802 832 1861 ‘viri
879 1801 1053 1862 boni’
1098 1800 1410 1862 existimat.
1502 1804 1675 1861 Haec
1718 1813 1856 1861 sunt
1898 1801 2065 1878 quasi
2110 1811 2341 1860 contro·
2370 1823 2427 1875 15

335 1919 502 1961 versa
543 1900 670 1959 iura
711 1898 1059 1960 Stoicorum.
1151 1903 1260 1959 ‘In
1303 1898 1603 1977 mancipio
1645 1899 1968 1959 vendundo
2007 1896 2340 1957 dicendane

334 1997 490 2069 vitia,
548 2017 674 2057 non
729 2017 817 2071 ea,
876 2017 1031 2074 quae
1089 1997 1199 2057 nisi
1256 1996 1486 2068 dixeriS,
1545 1996 1920 2056 redhibeatur
1976 1994 2338 2071 mancipium

336 2096 460 2156 iure
508 2094 681 2168 civili,
728 2096 834 2155 sed
876 2097 1042 2168 haee,
1088 2095 1442 2154 mendacem
1486 2113 1632 2167 esse,
1678 2096 2016 2166 aleatorem,
2060 2095 2338 2164 furacem,

336 2191 672 2253 ebriosum.'
754 2192 940 2252 Alteri
997 2191 1253 2252 dicenda
1308 2190 1596 2265 videntur,
1652 2190 1819 2251 alteri
1875 2210 1996 2250 non
2046 2190 2336 2252 videntur.

338 2311 434 2368 92.
522 2290 616 2350 ‘Si
654 2290 786 2367 quis
823 2310 1027 2349 aurum
1069 2291 1334 2350 vendens
1375 2288 1736 2349 orichalcum
1776 2308 1838 2347 se
1868 2298 2035 2366 putet
2063 2288 2338 2360 vendere,
2366 2309 2430 2345 20

334 2388 641 2448 indicetne
690 2387 745 2448 ei
786 2387 872 2448 vir
914 2388 1106 2447 bonus
1149 2407 1356 2447 aurum
1400 2385 1547 2446 illud
1590 2406 1737 2458 esse,
1781 2405 1856 2444 an
1897 2395 2054 2445 emat
2097 2385 2340 2444 denario

335 2487 499 2563 quod
557 2485 632 2544 sit
687 2485 849 2545 mille
907 2485 1249 2545 denarium.'
1341 2485 1724 2562 Perspicuum
1783 2494 1873 2544 est
1921 2482 2035 2542 iam
2088 2493 2148 2543 et
2196 2484 2339 2560 quid

334 2582 481 2641 mihi
543 2582 813 2642 videatur
878 2591 937 2641 et
1003 2601 1158 2658 quae
1225 2581 1297 2643 sit
1358 2580 1511 2642 inter
1568 2602 1670 2643 eos
1725 2580 2132 2660 philosophOS,
2191 2601 2340 2658 quos

335 2679 655 2753 nominavi,
701 2678 1115 2739 controversia.

346 2828 579 2878 Whethcr
615 2829 912 2877 Promises
948 2829 1059 2876 and
1090 2829 1413 2892 Burgatha,
1454 2836 1541 2878 not
1574 2830 1797 2878 extorted
1828 2817 1887 2891 by>
1906 2829 2046 2893 fhrce
2074 2845 2134 2877 or
2152 2828 2335 2892 fraud,

803 2911 861 2958 in
894 2910 972 2958 all
997 2926 1126 2959 cases
1158 2910 1286 2959 bz'nd
1311 2926 1424 2959 men
1457 2918 1504 2959 to
1524 2911 1882 2974 perfirmance.

109 3036 309 3089 xxlv
459 3020 643 3077 Pacta
682 3028 740 3077 et
778 3016 1067 3093 promissa
1108 3037 1417 3095 semperne
1448 3018 1737 3078 servanda
1766 3017 1899 3089 sint,
1931 3033 2095 3088 QVAE
2125 3032 2250 3075 NEC
2277 3035 2339 3075 Vl
2367 3030 2426 3084 25

339 3131 463 3174 Nec
502 3132 668 3174 DOLO
711 3131 901 3187 MALO,
934 3126 997 3174 ut
1036 3125 1340 3191 praetores
1381 3117 1592 3188 solent,
1627 3133 1822 3174 FACTA
1863 3112 2170 3174 Smin—Si
2210 3115 2338 3190 quis

339 3211 841 3271 medicamentum
883 3210 1142 3287 cuipiam
1181 3209 1412 3271 dederit
1450 3214 1527 3272 ad
1558 3231 1770 3288 aquam
1803 3210 2152 3271 intercutem
2182 3209 2342 3286 pepi-

337 3309 622 3388 geritque‚
671 3308 719 3368 si
779 3328 850 3368 eo
906 3309 1353 3369 medicamento
1411 3330 1589 3369 sanus
1645 3312 1833 3368 factus
1889 3320 2060 3380 esset,
2112 3327 2189 3367 ne
2238 3307 2339 3368 illo

434 3508 460 3541 2
497 3490 635 3541 nefas
676 3492 727 3539 id
773 3490 975 3556 quidem
1019 3492 1194 3539 omisso
1237 3497 1312 3539 est
1364 3491 1439 3540 Or
1518 3495 1536 3548 ΙΙ
1623 3506 1679 3552 13
1720 3503 1962 3536 venenum
2003 3486 2194 3548 fugiens
2227 3501 2338 3534 cum

322 3576 578 3640 plerisque
607 3574 736 3622 codd.
769 3574 831 3622 St
851 3579 965 3637 post
994 3572 1300 3620 Lambz'num
