2685 3938
352 211 424 267 32
650 178 655 185 i
777 194 877 250 De
914 195 1256 252 contentione
1295 195 1544 252 Honesti
1581 201 1637 252 et
1687 195 1865 252 Utilis
1925 192 2052 274 [ΙΙΙ
2085 211 2245 254 xv111
2282 213 2353 271 73

352 361 801 422 innumerabilia
857 377 1194 437 nascuntur,
1248 375 1313 424 ut
1368 365 1536 424 utilia
1592 386 1728 426 cum
1776 367 2043 426 honestis
2098 386 2360 445 pugnare

277 442 289 454 ⁹
352 459 693 520 videantur..
758 461 996 536 Quotus
1036 461 1195 520 enim
1230 461 1484 538 quisque
1523 463 1856 540 reperietur,
1888 464 1991 541 qui
2026 464 2359 542 inpunitate

353 570 412 618 et
441 557 809 635 ignoratione
839 559 1105 619 omnium
1136 561 1442 638 proposita
1471 562 1767 621 abstinere
1796 562 1983 639 possit
2014 563 2267 624 iniuria?

355 735 406 782 T
401 734 462 781 he
494 741 645 783 worst
673 750 802 783 cases
828 734 891 798 of
908 735 1061 783 crime
1092 735 1151 782 do
1180 742 1266 783 not
1282 734 1397 798 fall
1420 737 1607 783 within
1636 737 1717 784 tlte
1745 743 1874 800 scope
1904 737 1965 801 of
1984 754 2018 785 a
2053 739 2270 787 Treatise
2298 754 2363 787 on

481 819 678 867 Morals
691 834 708 867 .·
739 820 899 867 which
930 820 1063 867 deals
1089 820 1214 867 with
1245 820 1326 867 the
1355 821 1544 868 actions
1570 820 1633 884 of
1651 820 1933 884 respectable
1965 822 2105 877 Men,
2137 821 2217 870 i.e.
2237 807 2364 870 ‘men

481 901 591 949 who
601 908 723 964 pass
745 902 803 949 in
823 902 997 963 society
1003 902 1100 965 for
1117 903 1251 950 such.

361 984 464 1032 One
484 999 625 1031 cause
644 983 1032 1046 ofImmorality
1054 983 1099 1031 is
1119 984 1200 1031 tlte
1223 984 1439 1033 Desire
1459 984 1761 1048 ofMoney.

355 1068 402 1114 A
425 1066 553 1129 good
578 1081 700 1114 man
730 1066 846 1115 will
872 1072 959 1113 not
989 1065 1184 1113 imitate
1214 1065 1333 1114 such
1367 1067 1571 1114 conduct
1599 1083 1657 1115 as
1687 1068 1799 1115 that
1827 1067 1889 1131 of
1908 1068 1985 1118 M.
2021 1068 2230 1116 Crassus
2260 1069 2371 1117 and

490 1148 548 1207 Q.
572 1147 874 1195 Hortensius
895 1147 1043 1194 about
1062 1146 1143 1194 the
1165 1146 1281 1194 will
1296 1147 1358 1210 of
1367 1147 1429 1194 L.
1455 1147 1722 1196 Minucius
1743 1148 1965 1198 Basilus.

140 1295 327 1344 XV111
482 1291 572 1349 73.
661 1271 1078 1342 Periclitemur‚
1113 1270 1162 1329 si
1200 1273 1411 1347 placet,
1445 1283 1502 1330 et
1541 1270 1604 1329 in
1643 1271 1728 1331 eis
1768 1272 2009 1348 quidem
2052 1273 2356 1349 exempliS,

353 1371 415 1431 in
480 1370 694 1447 quibus
756 1368 989 1446 peccari
1043 1370 1250 1443 volgus
1307 1367 1619 1427 hominum
1675 1371 1920 1428 fortasse
1979 1389 2100 1429 non
2169 1379 2355 1446 putet.
2390 1394 2418 1445 5

356 1471 572 1544 Neque
635 1466 795 1526 enim
852 1468 928 1526 de
986 1465 1206 1524 sicariis
1262 1465 1562 1536 veneficis,
1623 1467 2079 1527 testamentariis
2138 1467 2360 1527 furibus

355 1564 794 1644 peculatoribus
851 1566 966 1623 hoc
1022 1566 1158 1623 loco
1182 1546 1188 1554 ’
1215 1563 1622 1622 disserendum
1683 1577 1788 1636 est,
1841 1564 1943 1641 qui
1993 1585 2115 1624 non
2170 1564 2360 1625 verbis

357 1675 491 1725 sunt
541 1676 600 1724 et
643 1663 1043 1740 disputatione
1085 1662 1578 1741 philosophorum
1624 1665 1731 1723 sed
1773 1663 1981 1723 vinclis
2025 1675 2085 1724 et
2127 1683 2359 1724 carcere

355 1763 657 1840 fatigandi,
705 1763 811 1821 sed
857 1763 1006 1820 haec
1049 1759 1512 1832 consideremus,
1558 1781 1711 1836 quae
1756 1761 1979 1821 faciunt
2022 1760 2076 1822 ei
2117 1764 2220 1838 qui
2263 1763 2361 1821 ha·

358 1862 571 1921 bentur
609 1859 769 1919 boni.
857 1860 921 1917 L.
969 1857 1201 1917 Minuci
1241 1856 1438 1930 Basili,
1479 1859 1791 1937 locupletis
1830 1859 2104 1933 hominiS‚
2145 1861 2356 1921 falsum
2392 1886 2455 1923 10

357 1968 776 2019 testamentum
816 1956 1059 2034 quidam
1098 1977 1131 2016 e
1171 1956 1425 2017 Graecia
1456 1960 1713 2017 Romam
1746 1960 2086 2019 attulerunt.
2175 1959 2359 2035 Quod

357 2076 477 2132 quo
513 2054 739 2115 facilius
770 2054 1124 2127 obtinerent,
1158 2054 1517 2132 scripserunt
1547 2057 1797 2116 heredes
1828 2075 2029 2115 secum
2063 2057 2151 2114 M.
2186 2057 2355 2117 Cras-

355 2174 490 2214 sum
541 2166 598 2213 et
650 2154 724 2228 Q.
782 2152 1198 2225 Hortensium,
1252 2152 1527 2213 homines
1577 2153 1842 2213 eiusdem
1895 2152 2103 2213 aetatis
2152 2166 2357 2233 poten-

355 2254 649 2314 tissimos:
718 2253 821 2328 qui
876 2271 1012 2311 cum
1070 2250 1218 2310 illud
1274 2252 1486 2309 falsum
1545 2271 1676 2311 esse
1732 2252 2186 2329 suspicarentur,
2246 2251 2358 2310 sibi

356 2363 555 2412 autem
595 2352 814 2411 nullius
855 2364 1050 2410 essent
1090 2348 1314 2408 conscii
1349 2350 1577 2426 culpae,
1609 2348 1787 2408 alieni
1816 2349 2093 2409 facinoris
2124 2369 2359 2408 munus-
2390 2377 2449 2431 15

357 2454 558 2510 culum
611 2429 738 2510 non
778 2449 1250 2527 repudiaverunt.
1340 2446 1506 2521 Quid
1548 2451 1730 2525 ergo?
1787 2447 1939 2507 satin
1984 2458 2075 2508 est
2115 2450 2248 2520 hoc,
2295 2460 2357 2508 ut

356 2570 480 2609 non
549 2548 867 2625 deliquisse
937 2546 1292 2607 videantur?
1378 2544 1530 2603 Mihi
1598 2545 1843 2621 quidem
1915 2565 2034 2605 non
2106 2545 2353 2618 videtur,

355 2666 717 2725 quamquam
776 2648 1026 2705 alterum
1082 2644 1282 2704 vivum
1340 2642 1552 2715 amavi,
1597 2646 1845 2704 alterum
1899 2663 2019 2703 non
2065 2643 2165 2703 odi
2210 2663 2360 2702 mor-

357 2757 544 2805 tuum.
653 2761 744 2818 74.
817 2743 936 2801 Sed
993 2761 1129 2802 cum
1190 2740 1419 2800 Basilus
1472 2743 1556 2799 M.
1610 2740 1862 2801 Satrium
1911 2738 2123 2799 sororis
2172 2738 2354 2798 filium

358 2863 580 2905 nomen
637 2861 809 2902 suum
866 2842 1014 2901 ferre
1071 2839 1358 2900 voluisset
1409 2857 1665 2914 eumque
1714 2839 1950 2898 fecisset
1998 2837 2361 2897 heredem—
2388 2866 2456 2902 20

358 2946 518 3003 hunc
556 2942 694 3001 dico
732 2951 1048 3020 patronum
1088 2940 1209 3017 agri
1250 2938 1457 2998 Piceni
1487 2950 1544 2997 et
1573 2937 1792 3012 Sabini,
1824 2958 1861 2997 o
1892 2950 2122 3015 turpem
2151 2949 2358 2996 notam
2439 2991 2444 2994 ,

357 3053 693 3119 temporum
718 3043 829 3110 !—,
862 3058 982 3097 non
1025 3047 1148 3097 erat
1182 3055 1440 3112 aequum
1472 3034 1766 3113 principes
1797 3034 1939 3094 civis
1968 3054 2091 3093 rem
2121 3035 2354 3104 habere,

358 3142 434 3199 ad
464 3139 718 3200 Satrium
749 3136 894 3195 nihil
922 3145 1155 3214 praeter
1183 3153 1406 3193 nomen
1435 3133 1755 3210 pervenire.

458 3344 514 3379 21
552 3345 584 3378 o
617 3334 810 3390 turpem
847 3332 1018 3374 notam
1051 3331 1331 3388 temporum
1367 3338 1550 3371 nomen
1576 3322 1772 3372 illorum
1804 3325 1932 3372 codd.
1948 3342 1968 3380 ,·
2000 3325 2147 3373 verba
2175 3340 2360 3374 nomen

356 3412 556 3460 illorum
577 3409 668 3457 del.
697 3407 863 3456 Heine
884 3407 986 3453 Mu
1003 3411 1119 3469 post
1151 3404 1424 3452 Victoriam
1491 3408 1511 3461 ΙΙ
1582 3420 1642 3452 22
1678 3421 1777 3453 non
1801 3421 1862 3453 ex
1883 3407 2012 3454 codd.
2035 3407 2119 3455 Ba
2141 3407 2215 3463 St,
2240 3422 2360 3456 num

363 3495 438 3543 Or
462 3493 539 3541 Be
