2685 3938
331 267 431 324 111
464 283 553 325 xx
584 261 688 346 81]
772 262 869 323 De
910 262 1249 322 contentione
1293 260 1547 319 Honesti
1583 266 1641 317 et
1691 260 1868 318 Utilis
2260 274 2293 331 3
2304 271 2333 332 5

338 466 436 514 The
458 463 748 528 magnitude
775 462 836 527 of
856 462 936 511 the
958 461 1272 523 advantages‚
1294 458 1516 506 whether
1534 458 1689 506 Rank
1712 474 1772 505 or
1791 458 1977 512 l'ower,
2002 461 2049 503 to
2071 456 2123 504 be
2142 455 2347 504 derived

441 547 585 612 from
618 563 651 595 a
680 562 851 608 wrong
882 545 1044 593 actim
1076 544 1120 591 is
1152 558 1216 590 no
1243 556 1415 590 excuse
1439 540 1528 604 for
1554 541 1621 589 its
1649 540 1974 588 commembra.
2046 538 2264 588 Conduct
2290 538 2353 600 of

454 629 681 680 Marius.

191 769 298 818 xx
454 764 546 824 79.
637 750 716 806 At
759 746 938 818 enim,
981 765 1121 805 cum
1164 764 1489 822 permagna
1529 745 1792 822 praemia
1835 754 1990 818 sunt,
2030 754 2120 804 est
2158 763 2338 803 causa

328 844 639 925 peccandi.
728 845 797 904 C.
841 844 1069 902 Marius
1106 861 1245 901 cum
1286 863 1321 901 a
1363 862 1468 918 spe
1507 843 1849 902 consulatus
1889 843 2064 918 longe
2102 844 2337 903 abesset

330 954 391 1003 et
429 943 547 1003 iam
588 941 905 1021 septimum
938 960 1161 1000 annum
1193 952 1329 1016 post
1359 950 1693 1018 praeturam
1723 940 1940 1000 iaceret
1969 958 2163 1016 neque
2192 937 2340 1016 peti-

331 1056 497 1102 turus
547 1061 830 1118 umquam
881 1040 1257 1099 consulatum
1311 1038 1621 1110 videretur,
1669 1039 1741 1115 Q.
1796 1040 2126 1111 Metellum,
2171 1039 2337 1098 cuius

328 1143 558 1218 legatus
598 1150 737 1210 erat,
771 1157 1071 1197 summum
1110 1136 1299 1195 virum
1340 1148 1400 1196 et
1438 1125 1647 1209 civem,
1679 1156 1817 1195 cum
1856 1137 1932 1197 ab
1971 1136 2339 1214 eopimpera-
2364 1157 2393 1212 5

331 1251 461 1298 tore
502 1257 631 1310 su0,
673 1239 935 1296 Romam
979 1234 1194 1294 missus
1236 1245 1411 1308 esset,
1454 1235 1618 1311 apud
1659 1234 1948 1312 populum
1994 1236 2336 1294 Romanum

330 1336 673 1396 criminatus
717 1347 807 1395 est
848 1336 1101 1396 ‘bellum
1144 1335 1311 1393 illum
1352 1336 1606 1394 ducere:
1651 1334 1698 1393 si
1737 1353 1802 1394 se
1835 1336 2145 1395 consulem
2174 1334 2339 1394 fecis·

329 1445 481 1506 sent,
522 1432 682 1493 brevi
722 1444 992 1509 tempore
1030 1444 1131 1492 aut
1168 1431 1368 1491 vivum
1408 1443 1510 1491 aut
1550 1443 1845 1490 mortuum
1887 1434 2233 1508 Iugurtham
2274 1453 2338 1493 se

330 1532 392 1591 in
438 1541 799 1609 potestatem
841 1531 1048 1608 populi
1093 1530 1355 1588 Romani
1398 1527 1810 1588 redacturum.'
1896 1529 2106 1606 Itaque
2147 1532 2338 1590 factus

330 1641 421 1691 est
464 1630 561 1690 ille
600 1628 843 1705 quidem
883 1630 1112 1702 consul,
1154 1628 1261 1689 sed
1299 1648 1336 1686 a
1373 1628 1492 1687 fide
1531 1627 1870 1704 iustitiaque
1904 1627 2195 1702 discessit,
2235 1630 2335 1705 qui
2371 1650 2428 1685 ιο

329 1727 625 1807 optimum
682 1738 740 1786 et
795 1726 1202 1803 gravissimum
1260 1724 1471 1798 civem,
1525 1724 1691 1784 cuius
1745 1727 1973 1802 legatus
2022 1738 2081 1788 et
2131 1747 2168 1786 a
2215 1746 2339 1804 quo

330 1825 544 1884 missus
574 1835 746 1897 esset,
778 1822 839 1882 in
869 1822 1154 1883 invidiam
1183 1824 1334 1883 falso
1363 1821 1609 1882 crimine
1637 1822 1964 1885 adduxerit.

992 2001 1213 2050 Conduct
1240 2000 1303 2065 of
1327 2000 1675 2051 Gratidianus.

453 2122 548 2180 80.
636 2121 732 2179 Ne
787 2129 989 2178 noster
1044 2116 1287 2193 quidem
1347 2115 1727 2177 Gratidianus
1785 2119 1981 2177 officio
2038 2118 2182 2179 boni
2232 2120 2337 2180 viri

327 2219 566 2277 functus
605 2228 692 2278 est
730 2228 876 2288 tum,
908 2236 1044 2276 cum
1083 2226 1321 2294 praetor
1350 2227 1506 2275 esset
1534 2214 1969 2292 collegiumque
1998 2228 2333 2295 praetorum

330 2315 545 2374 tribuni
601 2314 762 2393 plebi
818 2313 1242 2386 adhibuissent,
1303 2325 1370 2373 ut
1429 2333 1518 2373 res
1575 2314 1843 2373 numaria
1899 2315 1975 2374 de
2032 2315 2338 2376 communi
2369 2340 2424 2394 15

328 2411 624 2472 sententia
673 2410 1127 2472 constitueretur
1145 2433 1164 2486 ς
1220 2401 1548 2471 iactabatur
1597 2410 1756 2470 enim
1807 2413 2174 2490 temporibus
2224 2414 2337 2474 illis

327 2525 608 2566 nummus
641 2504 744 2578 sic,
774 2516 840 2564 ut
878 2523 1056 2565 nemo
1093 2517 1295 2582 posset
1323 2503 1468 2565 scire
1499 2504 1641 2582 quid
1679 2504 1936 2566 haberet.
2024 2505 2335 2585 Conscrip-

328 2615 530 2665 serunt
562 2603 957 2663 communiter
998 2602 1259 2663 edictum
1293 2623 1434 2663 cum
1479 2623 1677 2680 poena
1712 2614 1893 2679 atque
1930 2604 2151 2664 iudicio
2195 2624 2335 2664 con-

328 2701 784 2777 stitueruntque,
816 2689 907 2760 'ut
974 2719 1182 2761 omnes
1238 2700 1416 2761 simul
1472 2700 1533 2759 in
1589 2712 1777 2761 rostra
1833 2713 1971 2781 post
2027 2705 2336 2765 meridiem

328 2800 733 2861 escenderent.
820 2799 898 2858 Et
941 2797 1121 2858 ceteri
1164 2797 1405 2874 quidem
1449 2798 1598 2858 alius
1637 2799 1773 2872 alio,
1820 2799 2044 2861 Marius
2080 2805 2159 2862 ab
2198 2805 2335 2864 sub-
2363 2827 2429 2863 20

328 2895 507 2956 selliis
546 2894 607 2954 in
645 2905 834 2954 rostra
871 2899 1031 2954 ‘recta
1068 2893 1268 2974 idque,
1299 2895 1463 2971 quod
1502 2895 1899 2957 communiter
1937 2899 2334 2977 compositum

326 2997 532 3066 fuerat,
565 2995 725 3053 solus
766 2991 966 3053 edixit.
1053 2995 1133 3053 Et
1173 3013 1242 3052 ea
1280 3013 1393 3067 reS,
1424 2992 1473 3053 si
1509 2993 1756 3070 quaeriS‚
1790 2997 1846 3055 ei
1875 3016 2094 3073 magno
2123 2999 2337 3057 honori

324 3093 450 3152 fuit.
565 3091 862 3152 Omnibus
918 3090 1060 3151 vicis
1119 3102 1366 3166 statuae,
1424 3092 1503 3151 ad
1560 3111 1659 3153 eas
1717 3103 1829 3167 tuS,
1889 3096 2055 3155 cerei.
2174 3095 2336 3172 Quid

326 3192 556 3249 multa?
597 3209 778 3249 nemo
816 3209 1100 3266 umquam
1141 3190 1508 3250 multitudini
1545 3191 1653 3251 fuit
1683 3192 1885 3251 carior.
1991 3197 2084 3253 81.
2162 3196 2336 3255 Haec

326 3298 462 3345 sunt
501 3304 656 3361 quae
695 3284 1051 3345 conturbent
1091 3286 1152 3343 in
1189 3285 1620 3347 deliberatione
1659 3307 1782 3347 non
1818 3308 2162 3366 numquam,
2195 3309 2329 3349 cum
2359 3310 2422 3364 25

324 3382 404 3456 id,
442 3382 504 3441 in
541 3401 662 3459 quo
700 3382 951 3443 violatur
985 3383 1270 3460 aequita3‚
1314 3405 1437 3444 non
1477 3385 1558 3445 ita
1598 3406 1898 3464 magnum,
1928 3388 2073 3447 illud
2114 3399 2332 3462 autem,

323 3481 489 3556 quod
519 3500 595 3540 ex
624 3500 697 3540 eo
726 3479 963 3558 paritur,
987 3501 1379 3559 permagnum
1409 3480 1658 3557 videtur,
1684 3496 1749 3543 ut
1780 3484 1974 3543 Mario
2004 3486 2334 3563 praeripere

323 3580 565 3656 collegis
608 3589 669 3640 et
706 3578 956 3639 tribunis
994 3580 1153 3658 plebi
1194 3584 1541 3659 popularem
1578 3582 1825 3658 gratiam
1865 3602 1987 3640 non
2025 3582 2106 3641 ita
2144 3594 2329 3659 turpe,

2012 3698 2164 3751 3--2
