2685 3938
382 199 406 237 1
421 199 450 237 2
835 181 935 238 De
970 180 1305 238 contentione
1344 181 1597 238 Honesti
1628 187 1684 236 et
1732 181 1904 239 Utiles
2041 178 2168 261 [111
2201 197 2263 238 v1
2298 200 2371 255 29

376 350 524 409 deos
572 347 915 408 inmortales
959 347 1127 424 impii
1179 347 1488 408 iudicandi
1528 359 1682 409 sunt.
1768 349 1865 408 Ab
1907 347 1992 408 e'is
2034 348 2195 408 enim
2240 367 2377 408 con-

377 446 639 507 stitutam
670 447 820 507 inter
862 446 1135 507 homines
1177 445 1525 506 societatem
1565 457 1848 520 evertunt,
1880 446 2048 507 cuius
2078 446 2378 506 societatis

376 542 730 622 artissimum
761 542 1062 603 vinculum
1096 555 1183 603 est
1213 543 1400 620 magis
1423 542 1686 603 arbitrari
1714 563 1843 604 esse
1872 555 2080 604 contra
2107 555 2377 602 naturam

379 642 681 701 hominem
713 639 942 699 homini
977 641 1285 700 detrahere
1314 640 1405 699 sui
1434 642 1741 701 commodi
1770 660 1951 700 causa
1972 660 2152 716 quam
2180 638 2381 699 omnia

379 738 766 798 incommoda
821 737 1016 798 subire
1072 740 1166 797 vel
1222 751 1466 798 externa
1515 740 1608 798 vel
1657 738 2146 814 corporis**vel
2202 737 2378 798 etiam
2408 757 2436 810 5

379 834 561 912 ipsius
599 835 798 908 animi,
851 855 1005 913 quae
1056 848 1267 896 vacent
1304 835 1540 911 uiustitia
1561 857 1579 910 3
1630 838 1780 895 haec
1829 835 1988 895 enim
2038 857 2157 895 una
2202 835 2379 896 virtus

381 934 647 992 omnium
678 945 766 992 est
796 934 1040 993 domina
1070 947 1128 994 et
1158 935 1358 1011 regina
1387 934 1684 994 virtutum.

390 1102 508 1149 Two
545 1102 705 1160 Cases,
743 1101 801 1149 in
833 1101 996 1149 which
1030 1102 1112 1149 the
1142 1102 1370 1151 interests
1400 1103 1464 1167 of
1489 1103 1568 1152 the
1602 1104 1907 1168 community
1934 1111 1992 1153 at
2027 1106 2160 1170 large
2199 1108 2307 1153 and
2334 1105 2395 1169 of

914 1182 1228 1232 individuals
1247 1200 1334 1232 are
1356 1186 1621 1249 seemingly
1641 1186 1847 1248 opposed.

507 1325 598 1380 29.
672 1303 941 1364 Forsitan
982 1304 1276 1384 quispiam
1316 1306 1561 1367 dixerit:
1608 1314 1623 1340 ‘
1646 1310 1869 1368 Nonne
1910 1308 2085 1385 igitur
2126 1308 2378 1386 sapienS,

385 1402 435 1463 si
488 1405 643 1464 fame
697 1403 824 1482 ipse
881 1404 1243 1476 conficiatur,
1303 1405 1610 1465 abstulerit
1665 1407 1867 1467 cibum
1922 1407 2104 1482 alteri,
2156 1407 2384 1468 homini

385 1502 461 1561 ad
511 1504 730 1561 nullam
780 1521 904 1561 rem
954 1500 1159 1560 utili?'
1263 1500 1544 1582 [Minime
1593 1523 1751 1563 ver0.
1840 1507 1979 1564 Non
2030 1505 2190 1565 enim
2239 1505 2385 1565 mihi
2417 1529 2478 1564 10

386 1611 474 1659 est
518 1600 639 1660 vita
687 1620 822 1660 mea
866 1600 1063 1660 utilior
1112 1620 1294 1677 quam
1345 1600 1529 1660 animi
1577 1602 1710 1661 talis
1758 1603 2032 1677 adfecti0‚
2084 1605 2385 1664 neminem

386 1708 451 1757 ut
486 1698 701 1757 violem
742 1696 1048 1758 commodi
1086 1697 1205 1756 mei
1242 1695 1471 1779 gratia]
1559 1698 1800 1774 ‘Quid?
1841 1700 1889 1760 si
1919 1701 2232 1774 Phalarim,
2263 1722 2388 1761 cru-

387 1796 585 1855 delem
634 1807 944 1872 tyrannum
995 1807 1054 1855 et
1101 1794 1425 1868 inmanem,
1476 1796 1562 1855 vir
1612 1799 1825 1870 bonuS,
1875 1818 1952 1858 ne
2001 1798 2129 1878 ipse
2177 1798 2388 1875 frigore

388 1891 748 1967 conficiatur,
779 1892 992 1953 vestitu
1024 1895 1274 1969 spoliare
1303 1894 1510 1973 possit,
1541 1914 1743 1956 nonne
1772 1898 1946 1956 faciat
1964 1900 1990 1957 ?
2008 1896 2022 1923 ’
2109 1898 2282 1956 Haec
2309 1897 2387 1955 ad

388 1989 773 2051 iudicandum
806 2003 943 2051 sunt
971 1991 1266 2051 facillima.
2421 2020 2479 2071 15

862 2168 1008 2216 First
1032 2168 1151 2216 Case
1171 2168 1456 2215 considered
1468 2169 1579 2217 and
1591 2168 1906 2217 determined.

514 2312 606 2367 30.
682 2294 839 2351 Nam
893 2291 940 2350 si
987 2290 1131 2369 quid
1182 2293 1258 2350 ab
1304 2291 1549 2351 homine
1594 2293 1673 2350 ad
1719 2293 1942 2351 nullam
1975 2275 2212 2369 ‘partem
2260 2291 2392 2352 utili

393 2387 656 2448 utilitatis
697 2400 833 2448 tuae
873 2409 1050 2449 causa
1090 2388 1430 2461 detraxeriS‚
1471 2387 1790 2448 inhumane
1831 2388 2037 2448 feceris
2067 2400 2390 2464 contraque

394 2499 639 2546 naturae
676 2489 905 2564 legem:
950 2488 1039 2547 sin
1080 2498 1279 2547 autem
1318 2488 1369 2546 is
1408 2498 1471 2546 tu
1516 2486 1609 2559 sis,
1650 2486 1750 2563 qui
1790 2488 2036 2546 multam
2081 2486 2392 2547 utilitatem

394 2582 479 2642 rei
515 2581 791 2659 publicae
831 2593 1008 2658 atque
1049 2583 1361 2642 hominum
1402 2581 1688 2654 societati,
1724 2582 1773 2641 si
1810 2584 1873 2640 in
1909 2581 2031 2641 vita
2067 2602 2388 2653 remaneaS‚

394 2682 619 2740 adferre
648 2679 857 2758 possiS‚
890 2679 940 2739 si
967 2680 1111 2757 quid
1154 2683 1232 2740 ob
1274 2700 1407 2740 eam
1438 2699 1674 2742 causam
1707 2678 1873 2739 alteri
1901 2680 2236 2753 detraxeris,
2267 2698 2391 2738 non
2422 2704 2488 2739 20

396 2779 469 2838 sit
497 2779 1071 2856 reprehendendum.
1148 2778 1250 2839 Sin
1280 2789 1480 2838 autem
1513 2778 1575 2837 id
1606 2797 1727 2836 non
1757 2776 1832 2837 sit
1861 2776 1986 2837 eius
2016 2776 2197 2849 modi,
2222 2796 2392 2835 suum

396 2874 610 2951 cuique
648 2875 1102 2936 incommodum
1142 2876 1453 2935 ferendum
1494 2886 1583 2934 est
1620 2874 1817 2953 potius
1845 2895 2024 2952 quam
2055 2875 2131 2934 de
2158 2875 2396 2933 alterius

396 2974 729 3034 commodis
758 2974 1210 3033 detrahendum.
1296 2976 1437 3032 Non
1469 2972 1641 3050 igitur
1671 2973 1854 3050 magis
1883 2985 1972 3033 est
2002 2984 2207 3033 contra
2233 2983 2399 3031 natu-

396 3090 517 3129 ram
552 3074 793 3131 morbus
833 3082 934 3130 aut
974 3083 1202 3147 egestas
1242 3081 1344 3130 aut
1381 3070 1522 3146 quid
1555 3071 1681 3130 eius
1711 3071 1875 3130 modi
1902 3091 2080 3147 quam
2111 3070 2398 3131 detractio

494 3243 525 3294 6
557 3261 685 3310 quae
715 3253 889 3294 vacent
924 3245 1111 3294 iustitia
1145 3247 1205 3294 St
1238 3246 1404 3293 Heine
1437 3246 1537 3292 Mu
1580 3261 1691 3293 curn
1736 3246 1883 3302 codd,
1918 3261 2045 3309 quae
2089 3261 2191 3293 non
2224 3251 2400 3295 vacent

397 3328 581 3379 iustitia
625 3330 844 3378 Bonnell
889 3330 973 3385 Or,
1016 3344 1145 3394 quae
1192 3335 1368 3377 vacent
1414 3327 1653 3376 iniustitia
1692 3328 1773 3375 Ba
1813 3329 1858 3376 Z
1891 3335 2084 3376 auctore
2138 3328 2398 3377 Ubala'z'no.

399 3415 419 3469 ΙΙ
458 3426 516 3460 10
540 3411 687 3459 verba
708 3409 912 3458 minime
937 3409 1215 3458 ver0...mei
1237 3408 1398 3472 gratia
1420 3416 1479 3456 ut
1500 3410 1835 3472 repugnantia
1857 3410 1924 3459 iis
1944 3426 2069 3473 quae
2091 3411 2118 3469 ἓ
2143 3424 2205 3472 30
2227 3409 2399 3457 dicun·

399 3498 487 3540 tur
507 3508 615 3539 cum
649 3492 841 3555 Ungero
861 3490 1059 3555 seclusit
1079 3491 1160 3539 Ba
1184 3490 1413 3548 probante
1435 3491 1596 3539 Ileine
