2685 3938
315 211 416 269 ΙΙῘ
447 228 627 269 xxvn
665 207 802 291 101]
889 212 987 269 De
1027 211 1370 269 contentione
1410 211 1664 269 Honesti
1698 217 1752 268 et
1805 210 1982 269 Utilis
2248 226 2322 285 45

310 379 533 441 iuratus
603 384 815 440 missus
876 392 967 441 est
1027 383 1105 441 ad
1169 393 1459 454 senatum,
1521 395 1601 456 ut,
1670 381 1780 442 nisi
1843 383 2059 442 redditi
2131 393 2327 443 essent

313 481 531 540 Poenis
577 479 795 557 captivi
843 479 1076 539 nobiles
1123 479 1389 556 quidam,
1436 481 1652 540 rediret
1698 480 1825 557 ipse
1873 479 2322 557 Karthaginem.

315 582 376 639 Is
404 600 540 639 cum
575 583 837 641 Romam
860 579 1134 652 venisset,
1161 579 1431 639 utilitatis
1462 577 1724 655 speciem
1752 578 2010 653 videbat,
2032 580 2139 640 sed
2170 598 2319 653 eam,

312 690 376 737 ut
409 698 500 737 res
530 678 809 749 declarat,
841 679 1050 736 falsam
1079 676 1398 736 iudicavit:
1442 695 1594 752 quae
1628 687 1752 736 erat
1780 675 1946 736 talis:
1993 695 2233 736 manere
2263 675 2324 734 in

310 774 517 850 patria,
551 795 680 834 esse
720 774 928 834 domui
968 793 1110 834 suae
1149 793 1284 832 cum
1318 793 1519 843 uxore,
1549 793 1687 832 cum
1718 771 1931 846 liberis,
1964 794 2143 849 quam
2174 776 2326 833 cala·
2355 800 2384 854 5

310 869 576 930 mitatem
622 871 954 947 accepisset
1003 870 1064 930 in
1107 871 1286 943 bello,
1332 888 1718 928 communem
1761 870 2034 928 fortunae
2077 868 2325 930 bellicae

311 966 675 1029 iudicantem
716 979 918 1028 tenere
955 969 1280 1028 consularis
1310 965 1613 1043 dignitatis
1641 967 1907 1043 gradum.
1997 966 2149 1040 Quis
2176 967 2325 1025 haec

312 1075 490 1142 negat
548 1086 678 1126 esse
736 1065 941 1125 utilia?
1028 1066 1227 1140 Quem
1284 1066 1538 1124 censes?
1624 1064 1983 1140 Magnitudo
2033 1061 2215 1121 animi
2269 1075 2326 1122 et

48 1177 284 1227 XXVII
312 1164 598 1224 fortitudo
628 1177 817 1241 negat.
901 1185 1029 1223 100.
1106 1166 1268 1222 Num
1300 1161 1720 1239 locupletiores
1750 1162 1983 1238 quaeris
2011 1166 2327 1223 auctores?

315 1263 552 1320 Harum
583 1262 741 1321 enim
772 1273 860 1321 est
889 1261 1173 1321 virtutum
1202 1260 1508 1338 proprium
1532 1260 1678 1319 nihil
1700 1259 2100 1335 extimescere,
2128 1262 2328 1321 omnia
2359 1286 2418 1322 10

313 1364 574 1421 humana
612 1361 936 1438 despicere,
970 1360 1116 1420 nihil
1147 1361 1310 1436 quod
1346 1358 1573 1419 homini
1604 1357 1873 1419 accidere
1904 1360 2092 1436 possit
2122 1359 2326 1420 intole-

313 1458 564 1517 randum
619 1470 844 1535 putare.
944 1459 1157 1534 Itaque
1214 1458 1359 1534 quid
1416 1457 1599 1518 fecit?
1686 1458 1759 1515 In
1817 1468 2087 1516 senatum
2146 1455 2323 1530 venit,

314 1557 598 1615 mandata
649 1556 940 1634 exposuit,
987 1556 1345 1617 sententiam
1387 1576 1464 1617 ne
1507 1555 1729 1616 diceret
1772 1556 2101 1616 recusavit:
2147 1575 2326 1632 quam

314 1653 419 1712 diu
458 1654 583 1712 iure
623 1653 875 1714 iurando
914 1653 1177 1713 hostium
1216 1664 1529 1725 teneretur,
1561 1671 1681 1712 non
1716 1671 1847 1712 esse
1877 1672 1940 1712 se
1970 1663 2321 1713 senatorem.

316 1755 514 1827 Atque
552 1751 698 1811 illud
739 1751 1078 1813 etiam—‘o
1118 1754 1365 1811 stultum
1402 1751 1746 1811 hominem’
1785 1749 1996 1811 dixerit
2035 1750 2325 1828 quispiam
2360 1777 2415 1830 15

317 1856 410 1908 ‘et
466 1863 899 1926 repugnantem
959 1849 1196 1911 utilitati
1253 1850 1717 1910 suae!'—reddi
1774 1849 2042 1926 captivos
2092 1848 2328 1926 negavit

315 1966 445 2008 esse
494 1949 673 2009 utile:
731 1948 864 2009 illos
914 1949 1074 2010 enim
1124 1950 1538 2009 adulescentes
1590 1968 1721 2011 esse
1772 1962 1832 2009 et
1881 1951 2073 2009 bonos
2122 1949 2324 2021 duceS‚

314 2067 379 2107 se
426 2046 544 2106 iam
590 2050 932 2109 confectum
979 2060 1303 2109 senectute.
1395 2048 1579 2109 Cuius
1626 2067 1762 2107 cum
1808 2048 2088 2109 valuisset
2129 2058 2329 2108 aucto-

314 2145 472 2218 ritaS,
516 2145 734 2222 captivi
782 2145 997 2207 retenti
1050 2157 1202 2218 sunt,
1256 2144 1386 2222 ipse
1438 2144 1870 2222 Karthaginem
1915 2144 2090 2206 rediit
2131 2164 2329 2221 neque

315 2262 451 2302 eum
489 2244 701 2303 caritas
741 2243 968 2320 patriae
1008 2244 1248 2305 retinuit
1287 2264 1401 2304 nec
1440 2263 1696 2304 suorum.
1786 2247 2001 2321 Neque
2030 2264 2171 2304 vero
2201 2256 2328 2304 tum
2356 2272 2420 2307 20

316 2339 626 2417 ignorabat
663 2361 726 2401 se
765 2344 841 2403 ad
882 2342 1360 2403 crudelissimum
1399 2344 1635 2404 hostem
1675 2355 1736 2403 et
1772 2343 1850 2403 ad
1880 2341 2168 2419 exquisita
2197 2361 2330 2419 sup-

316 2438 496 2515 plicia
533 2440 846 2516 proficisci,
894 2441 999 2500 sed
1038 2439 1128 2501 ius
1173 2440 1490 2500 iurandum
1534 2443 2010 2501 conservandum
2059 2441 2323 2517 putabat.

318 2538 530 2613 Itaque
567 2549 712 2611 tum,
744 2557 882 2597 curn
911 2538 1215 2615 vigilando
1244 2538 1583 2609 necabatur,
1615 2549 1741 2598 erat
1778 2537 1840 2597 in
1878 2536 2122 2597 meliore
2150 2556 2329 2597 causa

315 2653 494 2709 quam
518 2633 569 2692 si
589 2634 756 2694 domi
780 2654 962 2694 senex
983 2634 1270 2711 captivus,
1294 2634 1560 2711 periurus
1583 2633 1907 2695 consularis
1931 2633 2325 2695 remansisset.

316 2800 583 2864 Objection
615 2801 631 2849 i
660 2802 877 2865 brought
907 2801 1099 2865 against
1131 2802 1214 2850 the
1251 2800 1468 2850 conduct
1503 2800 1560 2850 of
1590 2802 1809 2865 Regulus
1826 2802 1990 2850 z—He
2020 2816 2125 2849 was
2140 2800 2328 2865 foolislz

443 2889 491 2930 to
522 2883 691 2931 advisa
723 2883 805 2931 his
835 2890 1154 2945 countrymen
1187 2883 1392 2946 against
1420 2883 1499 2931 leis
1530 2899 1643 2931 own
1676 2884 1890 2932 interest.

316 2966 528 3014 Answer
556 2965 590 3014 i.
656 2966 765 3014 Not
793 2965 852 3030 if
869 2967 949 3014 his
977 2966 1146 3030 advice
1173 2982 1276 3014 was
1289 2965 1387 3029 sor
1413 2966 1493 3013 the
1511 2966 1686 3029 public
1706 2967 1843 3029 good.
1911 2967 2013 3014 For
2039 2971 2084 3014 to
2112 2973 2331 3030 separate

446 3045 607 3108 profit
623 3045 767 3109 from
804 3046 969 3094 moral
1004 3046 1138 3094 Good
1166 3046 1210 3093 is
1244 3052 1291 3092 to
1320 3045 1380 3093 do
1408 3045 1615 3094 violence
1644 3053 1691 3094 to
1723 3046 1802 3094 the
1813 3046 1945 3110 first
1974 3047 2085 3094 and
2110 3046 2335 3094 essential

434 3126 712 3189 principles
731 3127 792 3191 os
802 3128 1013 3175 Nature.

446 3244 576 3282 101.
653 3226 758 3284 ‘At
794 3225 989 3296 stulte,
1034 3223 1137 3300 qui
1172 3244 1297 3283 non
1342 3225 1526 3283 modo
1561 3244 1682 3283 non
1724 3226 2022 3284 censuerit
2060 3226 2330 3302 captivos
2358 3245 2419 3298 25

320 3320 725 3394 remittendos,
767 3341 972 3380 verum
1016 3322 1195 3381 etiam
1239 3319 1617 3381 dissuaserit!
1702 3322 1840 3395 Quo
1883 3322 2067 3382 modo
2112 3323 2332 3382 stulte?

322 3420 597 3491 etiamne,
641 3417 691 3477 si
733 3418 818 3477 rei
867 3418 1143 3494 publicae
1186 3419 1605 3478 conducebat?
1672 3428 1874 3494 potest
1916 3430 2131 3489 autem,
2166 3421 2330 3494 quod

324 3514 529 3575 inutile
557 3516 642 3574 rei
671 3514 945 3591 publicae
974 3514 1064 3585 sit,
1096 3516 1159 3574 id
1189 3515 1468 3590 cuiquam
1500 3513 1614 3572 civi
1644 3513 1787 3571 utile
1818 3515 1993 3571 esse?
