2685 3938
275 194 377 251 III
411 209 532 251 x111
569 189 670 273 54]
760 195 852 252 De
895 196 1235 253 contentione
1280 196 1531 253 Honesti
1567 202 1620 251 et
1675 195 1852 253 Utilis
2216 212 2245 249 2
2256 210 2289 267 3

273 365 541 443 exposui,
573 366 770 426 vendo
801 385 1004 425 meum
1033 385 1155 425 non
1185 365 1369 443 pluris
1399 385 1582 442 quam
1613 365 1809 437 ceteri,
1835 367 2084 425 fortasse
2112 363 2290 424 etiam

191 514 203 522 .
273 461 537 535 minoriS‚
571 482 708 523 cum
738 463 926 522 maior
954 475 1043 523 est
1073 464 1283 541 copia:
1328 463 1425 523 cui
1454 466 1518 523 fit
1548 462 1801 522 iniuria?
1821 462 1834 488 '

634 608 820 669 (Their
849 615 1139 672 arguments
1171 624 1264 672 pro
1296 609 1407 656 and
1433 624 1527 657 con
1563 609 1621 655 in
1655 608 1757 656 this
1789 606 1927 672 case.)

401 736 495 794 52.
587 717 859 776 Exoritur
903 718 1202 796 Antipatri
1258 717 1407 777 ratio
1464 737 1538 777 ex
1594 719 1777 777 altera
1830 730 2032 796 parte:
2094 718 2291 793 ‘Quid

275 814 408 875 ais?
457 826 538 887 tu,
592 834 732 874 cum
778 813 1123 874 hominibus
1168 817 1478 875 consulere
1533 814 1754 874 debeas
1809 825 1868 874 et
1923 815 2136 875 servire
2192 816 2293 873 hu-

279 935 489 974 manae
521 912 787 973 societati
818 933 1009 990 eaque
1046 916 1176 990 lege
1204 924 1380 974 natus
1420 914 1497 972 sis
1537 926 1596 973 et
1635 934 1708 974 ea
1744 914 1963 974 habeas
2003 913 2293 992 principia
2323 936 2349 991 5

277 1023 540 1085 naturae,
572 1011 788 1088 quibus
826 1031 1031 1089 parere
1068 1022 1128 1072 et
1166 1031 1321 1088 quae
1360 1011 1527 1088 sequi
1570 1011 1809 1083 debeaS,
1839 1022 1904 1070 ut
1942 1012 2162 1071 utilitas
2191 1023 2293 1071 tua

278 1109 614 1171 communis
651 1110 726 1169 sit
767 1109 985 1180 utilitas
1024 1108 1403 1185 vicissimque
1441 1107 1776 1169 communis
1813 1107 2033 1168 utilitas
2065 1120 2167 1168 tua
2197 1110 2288 1181 sit,

278 1206 502 1269 celabis
551 1208 824 1269 homines
876 1207 1021 1283 quid
1070 1206 1155 1267 eis
1204 1206 1360 1266 adsit
1409 1206 1851 1268 commoditatis
1902 1221 1959 1267 et
2004 1208 2288 1286 copiae?'

283 1306 707 1383 Respondebit
744 1305 1047 1381 Diogenes
1077 1306 1327 1364 fortasse
1355 1303 1442 1365 sic
1467 1325 1480 1362 ι
1528 1311 1541 1337 ‘
1562 1303 1746 1365 Aliud
1775 1315 1864 1365 est
1894 1307 2100 1377 celare,
2132 1305 2291 1365 aliud

280 1416 493 1476 tacere,
527 1424 722 1481 neque
757 1424 868 1482 ego
899 1424 1061 1464 nunc
1090 1415 1149 1463 te
1177 1405 1327 1475 ce10,
1362 1402 1412 1462 si
1440 1402 1550 1462 tibi
1581 1423 1702 1462 non
1733 1403 1871 1463 dico
1902 1424 2057 1480 quae
2086 1415 2294 1463 natura
2327 1425 2386 1461 10

279 1504 530 1563 deorum
572 1503 663 1574 sit,
696 1503 799 1580 qui
840 1503 914 1562 sit
948 1502 1081 1561 finis
1111 1505 1429 1575 bonorum,
1462 1521 1615 1578 quae
1646 1501 1752 1561 tibi
1781 1503 1912 1579 plus
1942 1504 2293 1580 prodessent

279 1601 521 1677 cognita
560 1619 740 1677 quam
782 1600 956 1661 tritici
994 1600 1203 1659 vilitas,
1292 1601 1412 1661 Sed
1451 1620 1593 1672 non,
1628 1599 1918 1677 quidquid
1956 1600 2062 1660 tibi
2090 1600 2294 1661 audire

281 1699 424 1759 utile
470 1710 576 1772 est,
622 1699 684 1759 id
733 1699 878 1758 mihi
922 1698 1119 1759 dicere
1164 1719 1408 1759 necesse
1450 1697 1758 1775 est.'——53.
1847 1701 2079 1759 ‘Immo
2124 1700 2294 1760 vero'

280 1798 512 1875 inquiet
567 1798 666 1859 ille
719 1805 996 1860 ‘necesse
1046 1809 1152 1870 est,
1203 1799 1251 1857 si
1300 1799 1544 1875 quidem
1594 1798 1914 1858 meministi
1965 1819 2097 1860 esse
2144 1799 2295 1860 inter

281 1896 556 1956 homines
588 1909 798 1956 natura
828 1897 1215 1957 coniunctam
1245 1896 1732 1957 societatem.’—‘
1756 1896 2040 1956 Memini'
2069 1896 2295 1974 inquiet
2328 1915 2382 1967 15

281 1996 398 2067 ille,
434 2000 448 2028 ‘
469 1996 574 2056 sed
616 2016 757 2054 num
797 1998 911 2055 ista
951 1995 1203 2056 societas
1234 1994 1364 2053 talis
1394 2008 1499 2068 est,
1535 2006 1601 2054 ut
1630 1995 1775 2054 nihil
1806 2015 1977 2055 suum
2008 1994 2295 2071 cuiusque

285 2094 402 2153 sit?
486 2094 664 2169 Quod
708 2095 756 2152 si
784 2095 867 2154 ita
896 2105 1001 2166 est,
1036 2114 1113 2154 ne
1142 2094 1530 2154 vendundum
1562 2093 1804 2169 quidem
1836 2092 2156 2170 quicquam
2187 2104 2292 2167 est,

107 2207 250 2256 XIII
284 2193 391 2251 sed
431 2193 820 2251 donandum.'
904 2192 1092 2251 Vides
1131 2192 1193 2249 in
1233 2193 1347 2251 hac
1376 2202 1500 2251 tota
1531 2191 1966 2270 disceptatione
1994 2211 2116 2249 non
2149 2191 2296 2252 illud

283 2288 404 2349 dici
474 2288 796 2364 ‘Quamvis
862 2291 980 2349 hoe
1037 2300 1207 2367 turpe
1264 2288 1355 2363 sit,
1417 2300 1635 2361 tamen,
1696 2287 1982 2367 quoniam
2038 2288 2295 2367 expedit,

281 2387 529 2447 faciam'
549 2407 568 2459 ς,
610 2386 717 2446 sed
745 2388 830 2445 ita
857 2386 1150 2463 expedire,
1184 2396 1248 2446 ut
1277 2397 1448 2464 turpe
1479 2406 1601 2444 non
1631 2385 1736 2458 sit3
1778 2406 1852 2446 ex
1879 2387 2061 2445 altera
2090 2398 2290 2446 autem
2324 2411 2388 2447 20

216 2507 245 2550 J
282 2495 465 2563 parte,
498 2503 570 2544 ea
597 2504 675 2557 re,
708 2483 847 2559 quia
877 2495 1046 2561 turpe
1077 2483 1168 2555 sit,
1200 2502 1323 2545 non
1354 2502 1483 2544 esse
1511 2483 1869 2544 faciendum.

412 2644 523 2691 and
537 2643 595 2705 by
618 2644 731 2691 that
749 2643 812 2706 os
833 2643 913 2691 the
948 2643 1139 2691 Vendor
1157 2642 1220 2706 of
1237 2658 1270 2690 a
1293 2643 1440 2690 house
1461 2643 1569 2690 who
1590 2642 1797 2690 conceals
1818 2656 1945 2689 some
1965 2641 2027 2705 of
2043 2642 2110 2691 its
2128 2642 2299 2706 defects

397 2725 540 2789 from
564 2725 644 2773 the
666 2724 963 2772 Purclzaser.

409 2867 502 2927 54.
588 2849 831 2908 Vendat
869 2848 1050 2907 aedes
1085 2846 1170 2905 vir
1212 2849 1405 2907 bonus
1444 2858 1682 2924 propter
1717 2845 1916 2923 aliqua
1954 2848 2113 2920 vitia,
2145 2867 2298 2924 quae

281 2950 411 3028 ipse
455 2946 630 3015 norit,
663 2945 843 3006 ceteri
882 2944 1173 3022 ignorent,
1204 2945 1550 3022 pestilentes
1589 2946 1705 3003 sint
1746 2955 1805 3005 et
1842 2946 2172 3005 habeantur
2214 2965 2298 3004 sa-

281 3047 497 3117 lubreS‚
550 3043 852 3121 ignoretur
895 3042 956 3100 in
1001 3041 1278 3100 omnibus
1322 3040 1610 3101 cubiculis
1654 3061 1934 3120 apparere
1975 3053 2293 3119 serpenteS,

280 3145 438 3203 male
481 3139 823 3201 materiatae
864 3141 999 3209 sint,
1031 3139 1516 3212 ruinosae,—-sed
1554 3141 1671 3200 hoc
1711 3152 1942 3218 praeter
1985 3140 2294 3200 dominum
2322 3164 2382 3216 25

386 3296 442 3342 13
487 3279 635 3328 verba
672 3278 829 3326 immo
862 3292 980 3325 vero
1020 3275 1210 3339 inquiet
1249 3274 1334 3323 ille
1369 3290 1570 3323 necesse
1608 3282 1683 3324 est
1715 3276 1894 3324 desunt
1926 3277 1983 3324 in
2015 3283 2110 3340 opt.
2146 3278 2292 3336 codd„

281 3362 426 3410 habet
453 3361 563 3410 Cod.
593 3377 618 3408 c
672 3363 691 3418 ΙΙ
755 3356 814 3409 16
847 3358 1136 3421 cuiusquam
1162 3357 1208 3405 Z
1231 3357 1306 3405 Or
1323 3372 1438 3405 cum
1459 3357 1653 3421 aliqwt
1672 3357 1800 3406 codd.
1869 3358 1884 3383 ‘
1901 3359 2046 3419 Quod
2060 3359 2110 3406 si
2135 3359 2300 3407 Cicero

280 3444 437 3492 dicere
469 3443 718 3497 voluisset,
741 3446 836 3488 aut
865 3437 990 3487 nihil
1021 3438 1309 3500 cuiusquam
1344 3437 1520 3486 omisso
1550 3453 1691 3486 suum
1726 3445 1819 3485 aut
1850 3437 1976 3485 nihil
2010 3439 2299 3500 cuiusquam

281 3541 423 3575 suum
447 3523 688 3573 dixisset.’
725 3525 785 3572 St
849 3527 869 3579 ΙΙ
938 3537 964 3569 2
971 3533 996 3582 5
1033 3521 1131 3569 sint
1154 3521 1286 3568 abest
1305 3535 1338 3566 a
1360 3520 1490 3567 codd.
