<?xml version="1.0" encoding="UTF-8"?>
<!DOCTYPE html PUBLIC "-//W3C//DTD XHTML 1.0 Transitional//EN"
    "http://www.w3.org/TR/xhtml1/DTD/xhtml1-transitional.dtd">
<html xmlns="http://www.w3.org/1999/xhtml" xml:lang="en" lang="en">
 <head>
  <title>
</title>
<meta http-equiv="Content-Type" content="text/html;charset=utf-8" />
  <meta name='ocr-system' content='tesseract 3.04.00' />
  <meta name='ocr-capabilities' content='ocr_page ocr_carea ocr_par ocr_line ocrx_word'/>
</head>
<body>
  <div class='ocr_page' id='page_1' title='image "./cicerodeofficii00unkngoog_0035.png"; bbox 0 0 2685 3938; ppageno 0'>
   <div class='ocr_carea' id='block_1_1' title="bbox 296 228 2296 315">
    <p class='ocr_par' dir='ltr' id='par_1_1' title="bbox 296 228 2296 315">
     <span class='ocr_line' id='line_1_1' title="bbox 296 228 2296 315; baseline 0.008 -28"><span class='ocrx_word' id='word_1_1' title='bbox 296 230 400 287; x_wconf 86' lang='grc' dir='ltr'><strong>ΙΙΙ</strong></span> <span class='ocrx_word' id='word_1_2' title='bbox 436 247 495 287; x_wconf 87' lang='lat' dir='ltr'><strong>1v</strong></span> <span class='ocrx_word' id='word_1_3' title='bbox 533 228 629 310; x_wconf 84' lang='lat'><strong>19]</strong></span> <span class='ocrx_word' id='word_1_4' title='bbox 955 234 1053 292; x_wconf 87' lang='lat' dir='ltr'><strong>De</strong></span> <span class='ocrx_word' id='word_1_5' title='bbox 1106 235 1397 294; x_wconf 72' lang='lat' dir='ltr'><em>Utilitatis</em></span> <span class='ocrx_word' id='word_1_6' title='bbox 1439 243 1656 297; x_wconf 76' lang='lat' dir='ltr'><strong>natura</strong></span> <span class='ocrx_word' id='word_1_7' title='bbox 2267 248 2296 315; x_wconf 75' lang='lat'><strong>⁴7</strong></span> 
     </span>
    </p>
   </div>
   <div class='ocr_carea' id='block_1_2' title="bbox 1473 350 1860 359">
    <p class='ocr_par' dir='ltr' id='par_1_2' title="bbox 1473 350 1860 359">
     <span class='ocr_line' id='line_1_2' title="bbox 1473 350 1860 359; baseline 0 3579"><span class='ocrx_word' id='word_1_8' title='bbox 1473 350 1860 359; x_wconf 95' lang='lat' dir='ltr'><strong> </strong></span> 
     </span>
    </p>
   </div>
   <div class='ocr_carea' id='block_1_3' title="bbox 286 398 2390 1842">
    <p class='ocr_par' dir='ltr' id='par_1_3' title="bbox 286 398 2390 1842">
     <span class='ocr_line' id='line_1_3' title="bbox 294 398 2302 487; baseline 0.005 -27"><span class='ocrx_word' id='word_1_9' title='bbox 294 398 380 461; x_wconf 90' lang='lat' dir='ltr'><strong>sic</strong></span> <span class='ocrx_word' id='word_1_10' title='bbox 431 400 668 479; x_wconf 87' lang='lat' dir='ltr'><strong>sapiens</strong></span> <span class='ocrx_word' id='word_1_11' title='bbox 718 415 783 462; x_wconf 91' lang='lat' dir='ltr'><strong>ut</strong></span> <span class='ocrx_word' id='word_1_12' title='bbox 839 402 1171 482; x_wconf 86' lang='lat' dir='ltr'>sapientem</span> <span class='ocrx_word' id='word_1_13' title='bbox 1228 408 1505 468; x_wconf 88' lang='lat' dir='ltr'><strong>volumus</strong></span> <span class='ocrx_word' id='word_1_14' title='bbox 1558 407 1839 486; x_wconf 85' lang='lat' dir='ltr'><strong>intellegi,</strong></span> <span class='ocrx_word' id='word_1_15' title='bbox 1898 428 2013 470; x_wconf 92' lang='lat' dir='ltr'><strong>nec</strong></span> <span class='ocrx_word' id='word_1_16' title='bbox 2068 407 2140 483; x_wconf 89' lang='lat' dir='ltr'><strong>ei,</strong></span> <span class='ocrx_word' id='word_1_17' title='bbox 2198 411 2302 487; x_wconf 92' lang='lat' dir='ltr'><strong>qui</strong></span> 
     </span>
     <span class='ocr_line' id='line_1_4' title="bbox 293 498 2303 581; baseline 0.004 -22"><span class='ocrx_word' id='word_1_18' title='bbox 293 498 591 578; x_wconf 90' lang='lat' dir='ltr'><strong>sapientes</strong></span> <span class='ocrx_word' id='word_1_19' title='bbox 637 501 827 562; x_wconf 89' lang='lat' dir='ltr'><strong>habiti</strong></span> <span class='ocrx_word' id='word_1_20' title='bbox 871 514 931 563; x_wconf 90' lang='lat' dir='ltr'><strong>et</strong></span> <span class='ocrx_word' id='word_1_21' title='bbox 976 503 1284 578; x_wconf 90' lang='lat' dir='ltr'><strong>nominati,</strong></span> <span class='ocrx_word' id='word_1_22' title='bbox 1345 508 1428 565; x_wconf 93' lang='lat' dir='ltr'><strong>M.</strong></span> <span class='ocrx_word' id='word_1_23' title='bbox 1486 508 1640 567; x_wconf 91' lang='lat' dir='ltr'><strong>Cato</strong></span> <span class='ocrx_word' id='word_1_24' title='bbox 1681 517 1742 567; x_wconf 90' lang='lat' dir='ltr'><strong>et</strong></span> <span class='ocrx_word' id='word_1_25' title='bbox 1785 508 1855 568; x_wconf 93' lang='lat' dir='ltr'><strong>C.</strong></span> <span class='ocrx_word' id='word_1_26' title='bbox 1909 504 2164 581; x_wconf 76' lang='lat' dir='ltr'><strong>LaeliuS,</strong></span> <span class='ocrx_word' id='word_1_27' title='bbox 2216 528 2303 568; x_wconf 89' lang='lat' dir='ltr'><strong>sa-</strong></span> 
     </span>
     <span class='ocr_line' id='line_1_5' title="bbox 292 596 2299 684; baseline 0.004 -28"><span class='ocrx_word' id='word_1_28' title='bbox 292 596 523 675; x_wconf 87' lang='lat' dir='ltr'><strong>pientes</strong></span> <span class='ocrx_word' id='word_1_29' title='bbox 573 600 826 671; x_wconf 88' lang='lat' dir='ltr'><strong>fuerunt‚</strong></span> <span class='ocrx_word' id='word_1_30' title='bbox 873 622 951 662; x_wconf 91' lang='lat' dir='ltr'><strong>ne</strong></span> <span class='ocrx_word' id='word_1_31' title='bbox 996 602 1080 663; x_wconf 90' lang='lat' dir='ltr'><strong>illi</strong></span> <span class='ocrx_word' id='word_1_32' title='bbox 1122 603 1370 680; x_wconf 90' lang='lat' dir='ltr'><strong>quidem</strong></span> <span class='ocrx_word' id='word_1_33' title='bbox 1410 615 1654 684; x_wconf 86' lang='lat' dir='ltr'><strong>septem,</strong></span> <span class='ocrx_word' id='word_1_34' title='bbox 1702 606 1807 665; x_wconf 91' lang='lat' dir='ltr'><strong>sed</strong></span> <span class='ocrx_word' id='word_1_35' title='bbox 1852 624 1925 666; x_wconf 84' lang='lat' dir='ltr'><strong>ex</strong></span> <span class='ocrx_word' id='word_1_36' title='bbox 1967 604 2299 666; x_wconf 89' lang='lat' dir='ltr'><strong>mediorum</strong></span> 
     </span>
     <span class='ocr_line' id='line_1_6' title="bbox 293 694 2301 781; baseline 0.005 -28"><span class='ocrx_word' id='word_1_37' title='bbox 293 694 623 756; x_wconf 87' lang='lat' dir='ltr'><strong>officiorum</strong></span> <span class='ocrx_word' id='word_1_38' title='bbox 657 698 989 774; x_wconf 87' lang='lat' dir='ltr'><strong>frequentia</strong></span> <span class='ocrx_word' id='word_1_39' title='bbox 1028 698 1474 762; x_wconf 91' lang='lat' dir='ltr'><strong>similitudinem</strong></span> <span class='ocrx_word' id='word_1_40' title='bbox 1517 702 1818 778; x_wconf 90' lang='lat' dir='ltr'><strong>quandam</strong></span> <span class='ocrx_word' id='word_1_41' title='bbox 1856 704 2139 778; x_wconf 85' lang='lat' dir='ltr'><strong>gerebant</strong></span> <span class='ocrx_word' id='word_1_42' title='bbox 2174 722 2301 781; x_wconf 90' lang='lat' dir='ltr'><strong>spe-</strong></span> 
     </span>
     <span class='ocr_line' id='line_1_7' title="bbox 292 786 2354 872; baseline 0.004 -25"><span class='ocrx_word' id='word_1_43' title='bbox 292 786 567 866; x_wconf 91' lang='lat' dir='ltr'><strong>ciemque</strong></span> <span class='ocrx_word' id='word_1_44' title='bbox 623 790 999 869; x_wconf 86' lang='lat' dir='ltr'><strong>sapientium.</strong></span> <span class='ocrx_word' id='word_1_45' title='bbox 1120 812 1212 869; x_wconf 88' lang='lat'><strong>17.</strong></span> <span class='ocrx_word' id='word_1_46' title='bbox 1298 794 1595 870; x_wconf 84' lang='lat' dir='ltr'><strong>Quocirca</strong></span> <span class='ocrx_word' id='word_1_47' title='bbox 1649 815 1762 857; x_wconf 92' lang='lat' dir='ltr'><strong>nec</strong></span> <span class='ocrx_word' id='word_1_48' title='bbox 1817 794 1900 868; x_wconf 89' lang='lat' dir='ltr'><strong>id,</strong></span> <span class='ocrx_word' id='word_1_49' title='bbox 1949 797 2115 872; x_wconf 91' lang='lat' dir='ltr'><strong>quod</strong></span> <span class='ocrx_word' id='word_1_50' title='bbox 2162 816 2299 856; x_wconf 89' lang='lat' dir='ltr'><strong>vere</strong></span> <span class='ocrx_word' id='word_1_51' title='bbox 2327 816 2354 871; x_wconf 83' lang='lat'>5</span> 
     </span>
     <span class='ocr_line' id='line_1_8' title="bbox 292 889 2295 972; baseline 0.004 -27"><span class='ocrx_word' id='word_1_52' title='bbox 292 889 609 949; x_wconf 88' lang='lat' dir='ltr'><strong>honestum</strong></span> <span class='ocrx_word' id='word_1_53' title='bbox 648 901 754 961; x_wconf 90' lang='lat' dir='ltr'><strong>est,</strong></span> <span class='ocrx_word' id='word_1_54' title='bbox 788 891 874 950; x_wconf 88' lang='lat' dir='ltr'><strong>fas</strong></span> <span class='ocrx_word' id='word_1_55' title='bbox 915 901 1003 951; x_wconf 89' lang='lat' dir='ltr'><strong>est</strong></span> <span class='ocrx_word' id='word_1_56' title='bbox 1042 912 1178 953; x_wconf 89' lang='lat' dir='ltr'><strong>cum</strong></span> <span class='ocrx_word' id='word_1_57' title='bbox 1209 891 1476 953; x_wconf 86' lang='lat' dir='ltr'><strong>utilitatis</strong></span> <span class='ocrx_word' id='word_1_58' title='bbox 1519 893 1909 972; x_wconf 86' lang='lat' dir='ltr'><strong>repugnantia</strong></span> <span class='ocrx_word' id='word_1_59' title='bbox 1950 893 2295 972; x_wconf 88' lang='lat' dir='ltr'><strong>comparari,</strong></span> 
     </span>
     <span class='ocr_line' id='line_1_9' title="bbox 290 985 2299 1069; baseline 0.003 -25"><span class='ocrx_word' id='word_1_60' title='bbox 290 1005 405 1046; x_wconf 88' lang='lat' dir='ltr'><strong>nec</strong></span> <span class='ocrx_word' id='word_1_61' title='bbox 474 985 554 1060; x_wconf 90' lang='lat' dir='ltr'><strong>id,</strong></span> <span class='ocrx_word' id='word_1_62' title='bbox 615 986 779 1064; x_wconf 90' lang='lat' dir='ltr'><strong>quod</strong></span> <span class='ocrx_word' id='word_1_63' title='bbox 851 989 1248 1051; x_wconf 90' lang='lat' dir='ltr'><strong>communiter</strong></span> <span class='ocrx_word' id='word_1_64' title='bbox 1307 992 1678 1069; x_wconf 82' lang='lat' dir='ltr'><strong>appellamus</strong></span> <span class='ocrx_word' id='word_1_65' title='bbox 1741 994 2075 1062; x_wconf 89' lang='lat' dir='ltr'><strong>honestum,</strong></span> <span class='ocrx_word' id='word_1_66' title='bbox 2133 991 2299 1067; x_wconf 91' lang='lat' dir='ltr'><strong>quod</strong></span> 
     </span>
     <span class='ocr_line' id='line_1_10' title="bbox 289 1082 2298 1160; baseline 0.002 -17"><span class='ocrx_word' id='word_1_67' title='bbox 289 1082 503 1143; x_wconf 90' lang='lat' dir='ltr'><strong>colitur</strong></span> <span class='ocrx_word' id='word_1_68' title='bbox 529 1086 607 1144; x_wconf 90' lang='lat' dir='ltr'><strong>ab</strong></span> <span class='ocrx_word' id='word_1_69' title='bbox 638 1083 723 1145; x_wconf 88' lang='lat' dir='ltr'><strong>eis</strong></span> <span class='ocrx_word' id='word_1_70' title='bbox 753 1084 857 1160; x_wconf 90' lang='lat' dir='ltr'><strong>qui</strong></span> <span class='ocrx_word' id='word_1_71' title='bbox 884 1087 1081 1147; x_wconf 92' lang='lat' dir='ltr'><strong>bonos</strong></span> <span class='ocrx_word' id='word_1_72' title='bbox 1119 1107 1184 1148; x_wconf 88' lang='lat' dir='ltr'><strong>se</strong></span> <span class='ocrx_word' id='word_1_73' title='bbox 1221 1087 1381 1149; x_wconf 91' lang='lat' dir='ltr'><strong>viros</strong></span> <span class='ocrx_word' id='word_1_74' title='bbox 1410 1087 1614 1148; x_wconf 90' lang='lat' dir='ltr'><strong>haberi</strong></span> <span class='ocrx_word' id='word_1_75' title='bbox 1654 1089 1878 1158; x_wconf 87' lang='lat' dir='ltr'><strong>volunt,</strong></span> <span class='ocrx_word' id='word_1_76' title='bbox 1909 1108 2044 1151; x_wconf 90' lang='lat' dir='ltr'><strong>cum</strong></span> <span class='ocrx_word' id='word_1_77' title='bbox 2077 1088 2298 1148; x_wconf 88' lang='lat' dir='ltr'><strong>emolu-</strong></span> 
     </span>
     <span class='ocr_line' id='line_1_11' title="bbox 289 1180 2299 1263; baseline 0.001 -23"><span class='ocrx_word' id='word_1_78' title='bbox 289 1180 506 1241; x_wconf 86' lang='lat' dir='ltr'><strong>mentis</strong></span> <span class='ocrx_word' id='word_1_79' title='bbox 551 1202 839 1260; x_wconf 89' lang='lat' dir='ltr'><strong>umquam</strong></span> <span class='ocrx_word' id='word_1_80' title='bbox 889 1195 980 1244; x_wconf 89' lang='lat' dir='ltr'><strong>est</strong></span> <span class='ocrx_word' id='word_1_81' title='bbox 1028 1187 1519 1263; x_wconf 87' lang='lat' dir='ltr'><strong>comparandum,</strong></span> <span class='ocrx_word' id='word_1_82' title='bbox 1566 1198 1808 1263; x_wconf 84' lang='lat' dir='ltr'><strong>tamque</strong></span> <span class='ocrx_word' id='word_1_83' title='bbox 1853 1185 1915 1245; x_wconf 91' lang='lat' dir='ltr'><strong>id</strong></span> <span class='ocrx_word' id='word_1_84' title='bbox 1958 1186 2299 1257; x_wconf 88' lang='lat' dir='ltr'><strong>honestum,</strong></span> 
     </span>
     <span class='ocr_line' id='line_1_12' title="bbox 288 1278 2390 1361; baseline 0 -22"><span class='ocrx_word' id='word_1_85' title='bbox 288 1281 455 1355; x_wconf 92' lang='lat' dir='ltr'><strong>quod</strong></span> <span class='ocrx_word' id='word_1_86' title='bbox 494 1278 555 1340; x_wconf 96' lang='lat' dir='ltr'><strong>in</strong></span> <span class='ocrx_word' id='word_1_87' title='bbox 595 1293 856 1342; x_wconf 89' lang='lat' dir='ltr'><strong>nostram</strong></span> <span class='ocrx_word' id='word_1_88' title='bbox 899 1280 1353 1361; x_wconf 87' lang='lat' dir='ltr'><strong>intelligentiam</strong></span> <span class='ocrx_word' id='word_1_89' title='bbox 1395 1284 1575 1358; x_wconf 88' lang='lat' dir='ltr'><strong>cadit,</strong></span> <span class='ocrx_word' id='word_1_90' title='bbox 1618 1285 1908 1345; x_wconf 91' lang='lat' dir='ltr'><strong>tuendum</strong></span> <span class='ocrx_word' id='word_1_91' title='bbox 1949 1304 2298 1345; x_wconf 91' lang='lat' dir='ltr'><strong>conservan-</strong></span> <span class='ocrx_word' id='word_1_92' title='bbox 2330 1304 2390 1340; x_wconf 91' lang='lat'><strong>10</strong></span> 
     </span>
     <span class='ocr_line' id='line_1_13' title="bbox 288 1376 2297 1460; baseline 0.003 -25"><span class='ocrx_word' id='word_1_93' title='bbox 288 1376 556 1454; x_wconf 89' lang='lat' dir='ltr'><strong>dumque</strong></span> <span class='ocrx_word' id='word_1_94' title='bbox 585 1378 761 1438; x_wconf 91' lang='lat' dir='ltr'><strong>nobis</strong></span> <span class='ocrx_word' id='word_1_95' title='bbox 791 1389 881 1439; x_wconf 90' lang='lat' dir='ltr'><strong>est</strong></span> <span class='ocrx_word' id='word_1_96' title='bbox 919 1399 1099 1457; x_wconf 78' lang='lat' dir='ltr'><strong>quam</strong></span> <span class='ocrx_word' id='word_1_97' title='bbox 1136 1380 1301 1452; x_wconf 86' lang='lat' dir='ltr'><strong>illud,</strong></span> <span class='ocrx_word' id='word_1_98' title='bbox 1335 1382 1500 1458; x_wconf 92' lang='lat' dir='ltr'><strong>quod</strong></span> <span class='ocrx_word' id='word_1_99' title='bbox 1535 1381 1771 1460; x_wconf 89' lang='lat' dir='ltr'><strong>proprie</strong></span> <span class='ocrx_word' id='word_1_100' title='bbox 1801 1380 2016 1443; x_wconf 89' lang='lat' dir='ltr'><strong>dicitur</strong></span> <span class='ocrx_word' id='word_1_101' title='bbox 2044 1401 2297 1459; x_wconf 91' lang='lat' dir='ltr'><strong>vereque</strong></span> 
     </span>
     <span class='ocr_line' id='line_1_14' title="bbox 289 1476 2296 1557; baseline 0.002 -23"><span class='ocrx_word' id='word_1_102' title='bbox 289 1485 378 1534; x_wconf 91' lang='lat' dir='ltr'><strong>est</strong></span> <span class='ocrx_word' id='word_1_103' title='bbox 427 1476 765 1552; x_wconf 87' lang='lat' dir='ltr'><strong>honestum,</strong></span> <span class='ocrx_word' id='word_1_104' title='bbox 818 1476 1185 1556; x_wconf 91' lang='lat' dir='ltr'><strong>sapientibus</strong></span> <span class='ocrx_word' id='word_1_105' title='bbox 1204 1501 1222 1553; x_wconf 82' lang='lat'><em>3</em></span> <span class='ocrx_word' id='word_1_106' title='bbox 1267 1478 1437 1539; x_wconf 90' lang='lat' dir='ltr'><strong>aliter</strong></span> <span class='ocrx_word' id='word_1_107' title='bbox 1479 1477 1638 1538; x_wconf 90' lang='lat' dir='ltr'><strong>enim</strong></span> <span class='ocrx_word' id='word_1_108' title='bbox 1679 1477 1867 1539; x_wconf 86' lang='lat' dir='ltr'><strong>teneri</strong></span> <span class='ocrx_word' id='word_1_109' title='bbox 1911 1498 2033 1538; x_wconf 91' lang='lat' dir='ltr'><strong>non</strong></span> <span class='ocrx_word' id='word_1_110' title='bbox 2080 1489 2296 1557; x_wconf 92' lang='lat' dir='ltr'><strong>potest,</strong></span> 
     </span>
     <span class='ocr_line' id='line_1_15' title="bbox 287 1571 2294 1656; baseline 0.002 -25"><span class='ocrx_word' id='word_1_111' title='bbox 287 1571 338 1632; x_wconf 91' lang='lat' dir='ltr'><strong>si</strong></span> <span class='ocrx_word' id='word_1_112' title='bbox 377 1591 531 1649; x_wconf 88' lang='lat' dir='ltr'><strong>quae</strong></span> <span class='ocrx_word' id='word_1_113' title='bbox 570 1576 649 1634; x_wconf 89' lang='lat' dir='ltr'><strong>ad</strong></span> <span class='ocrx_word' id='word_1_114' title='bbox 678 1574 955 1636; x_wconf 82' lang='lat' dir='ltr'><strong>virtutem</strong></span> <span class='ocrx_word' id='word_1_115' title='bbox 987 1587 1076 1637; x_wconf 90' lang='lat' dir='ltr'><strong>est</strong></span> <span class='ocrx_word' id='word_1_116' title='bbox 1105 1577 1263 1637; x_wconf 87' lang='lat' dir='ltr'><strong>facta</strong></span> <span class='ocrx_word' id='word_1_117' title='bbox 1288 1575 1638 1656; x_wconf 88' lang='lat' dir='ltr'><strong>progressio.</strong></span> <span class='ocrx_word' id='word_1_118' title='bbox 1725 1577 1844 1637; x_wconf 92' lang='lat' dir='ltr'><strong>Sed</strong></span> <span class='ocrx_word' id='word_1_119' title='bbox 1872 1577 2023 1636; x_wconf 89' lang='lat' dir='ltr'><strong>haec</strong></span> <span class='ocrx_word' id='word_1_120' title='bbox 2051 1575 2294 1653; x_wconf 91' lang='lat' dir='ltr'><strong>quidem</strong></span> 
     </span>
     <span class='ocr_line' id='line_1_16' title="bbox 286 1669 2292 1749; baseline 0.002 -20"><span class='ocrx_word' id='word_1_121' title='bbox 286 1669 364 1729; x_wconf 92' lang='lat' dir='ltr'><strong>de</strong></span> <span class='ocrx_word' id='word_1_122' title='bbox 428 1669 531 1744; x_wconf 80' lang='lat' dir='ltr'><strong>eiS,</strong></span> <span class='ocrx_word' id='word_1_123' title='bbox 597 1671 702 1749; x_wconf 91' lang='lat' dir='ltr'><strong>qui</strong></span> <span class='ocrx_word' id='word_1_124' title='bbox 762 1674 1218 1734; x_wconf 89' lang='lat' dir='ltr'><strong>conservatione</strong></span> <span class='ocrx_word' id='word_1_125' title='bbox 1274 1673 1604 1736; x_wconf 89' lang='lat' dir='ltr'><strong>officiorum</strong></span> <span class='ocrx_word' id='word_1_126' title='bbox 1669 1673 2078 1734; x_wconf 88' lang='lat' dir='ltr'><strong>existimantur</strong></span> <span class='ocrx_word' id='word_1_127' title='bbox 2131 1673 2292 1734; x_wconf 91' lang='lat' dir='ltr'><strong>boni.</strong></span> 
     </span>
     <span class='ocr_line' id='line_1_17' title="bbox 293 1767 2385 1842; baseline 0 -15"><span class='ocrx_word' id='word_1_128' title='bbox 293 1770 383 1827; x_wconf 87' lang='lat'><strong>18.</strong></span> <span class='ocrx_word' id='word_1_129' title='bbox 432 1767 553 1842; x_wconf 90' lang='lat' dir='ltr'><strong>Qui</strong></span> <span class='ocrx_word' id='word_1_130' title='bbox 581 1778 783 1830; x_wconf 89' lang='lat' dir='ltr'><strong>autem</strong></span> <span class='ocrx_word' id='word_1_131' title='bbox 815 1769 1019 1828; x_wconf 88' lang='lat' dir='ltr'><strong>omnia</strong></span> <span class='ocrx_word' id='word_1_132' title='bbox 1047 1769 1374 1831; x_wconf 89' lang='lat' dir='ltr'><strong>metiuntur</strong></span> <span class='ocrx_word' id='word_1_133' title='bbox 1414 1769 1836 1832; x_wconf 87' lang='lat' dir='ltr'><strong>emolumentis</strong></span> <span class='ocrx_word' id='word_1_134' title='bbox 1875 1780 1935 1831; x_wconf 92' lang='lat' dir='ltr'><strong>et</strong></span> <span class='ocrx_word' id='word_1_135' title='bbox 1962 1769 2296 1831; x_wconf 90' lang='lat' dir='ltr'><strong>commodis</strong></span> <span class='ocrx_word' id='word_1_136' title='bbox 2330 1787 2385 1842; x_wconf 82' lang='lat'><strong>15</strong></span> 
     </span>
    </p>
   </div>
   <div class='ocr_carea' id='block_1_4' title="bbox 284 1872 2301 2129">
    <p class='ocr_par' dir='ltr' id='par_1_4' title="bbox 284 1872 2301 2129">
     <span class='ocr_line' id='line_1_18' title="bbox 285 1872 2296 1950; baseline 0.004 -23"><span class='ocrx_word' id='word_1_137' title='bbox 285 1888 481 1946; x_wconf 90' lang='lat' dir='ltr'><strong>neque</strong></span> <span class='ocrx_word' id='word_1_138' title='bbox 533 1890 605 1929; x_wconf 89' lang='lat' dir='ltr'><strong>ea</strong></span> <span class='ocrx_word' id='word_1_139' title='bbox 648 1873 856 1932; x_wconf 89' lang='lat' dir='ltr'><strong>volunt</strong></span> <span class='ocrx_word' id='word_1_140' title='bbox 898 1872 1360 1950; x_wconf 84' lang='lat' dir='ltr'><strong>praeponderari</strong></span> <span class='ocrx_word' id='word_1_141' title='bbox 1400 1875 1730 1947; x_wconf 85' lang='lat' dir='ltr'><strong>honestate,</strong></span> <span class='ocrx_word' id='word_1_142' title='bbox 1772 1873 1829 1935; x_wconf 91' lang='lat' dir='ltr'><strong>ei</strong></span> <span class='ocrx_word' id='word_1_143' title='bbox 1866 1876 2058 1934; x_wconf 93' lang='lat' dir='ltr'><strong>solent</strong></span> <span class='ocrx_word' id='word_1_144' title='bbox 2098 1874 2158 1933; x_wconf 90' lang='lat' dir='ltr'><strong>in</strong></span> <span class='ocrx_word' id='word_1_145' title='bbox 2197 1875 2296 1935; x_wconf 92' lang='lat' dir='ltr'><strong>de-</strong></span> 
     </span>
     <span class='ocr_line' id='line_1_19' title="bbox 285 1967 2301 2051; baseline 0.003 -24"><span class='ocrx_word' id='word_1_146' title='bbox 285 1967 594 2029; x_wconf 84' lang='lat' dir='ltr'><strong>liberando</strong></span> <span class='ocrx_word' id='word_1_147' title='bbox 626 1969 942 2030; x_wconf 87' lang='lat' dir='ltr'><strong>honestum</strong></span> <span class='ocrx_word' id='word_1_148' title='bbox 985 1991 1120 2032; x_wconf 90' lang='lat' dir='ltr'><strong>cum</strong></span> <span class='ocrx_word' id='word_1_149' title='bbox 1162 1991 1253 2045; x_wconf 89' lang='lat' dir='ltr'><strong>e0,</strong></span> <span class='ocrx_word' id='word_1_150' title='bbox 1286 1973 1451 2048; x_wconf 92' lang='lat' dir='ltr'><strong>quod</strong></span> <span class='ocrx_word' id='word_1_151' title='bbox 1492 1971 1635 2032; x_wconf 91' lang='lat' dir='ltr'><strong>utile</strong></span> <span class='ocrx_word' id='word_1_152' title='bbox 1673 1983 1903 2051; x_wconf 86' lang='lat' dir='ltr'><strong>putant,</strong></span> <span class='ocrx_word' id='word_1_153' title='bbox 1934 1981 2301 2051; x_wconf 57' lang='lat' dir='ltr'><strong>comparare}</strong></span> 
     </span>
     <span class='ocr_line' id='line_1_20' title="bbox 284 2065 953 2129; baseline 0.001 -3"><span class='ocrx_word' id='word_1_154' title='bbox 284 2065 431 2126; x_wconf 89' lang='lat' dir='ltr'><strong>boni</strong></span> <span class='ocrx_word' id='word_1_155' title='bbox 460 2066 566 2127; x_wconf 91' lang='lat' dir='ltr'><strong>viri</strong></span> <span class='ocrx_word' id='word_1_156' title='bbox 594 2088 718 2129; x_wconf 90' lang='lat' dir='ltr'><strong>non</strong></span> <span class='ocrx_word' id='word_1_157' title='bbox 748 2070 953 2129; x_wconf 90' lang='lat' dir='ltr'><strong>solent.</strong></span> 
     </span>
    </p>
   </div>
   <div class='ocr_carea' id='block_1_5' title="bbox 284 2235 2387 3366">
    <p class='ocr_par' dir='ltr' id='par_1_5' title="bbox 285 2235 2297 2465">
     <span class='ocr_line' id='line_1_21' title="bbox 285 2235 2297 2302; baseline 0 -18"><span class='ocrx_word' id='word_1_158' title='bbox 285 2235 565 2284; x_wconf 80' lang='lat' dir='ltr'><strong>Panaetius</strong></span> <span class='ocrx_word' id='word_1_159' title='bbox 585 2245 754 2299; x_wconf 60' lang='lat' dir='ltr'><strong>meant</strong></span> <span class='ocrx_word' id='word_1_160' title='bbox 773 2236 885 2285; x_wconf 74' lang='lat' dir='ltr'><strong>that</strong></span> <span class='ocrx_word' id='word_1_161' title='bbox 905 2237 1223 2301; x_wconf 80' lang='lat' dir='ltr'><strong>Expediency</strong></span> <span class='ocrx_word' id='word_1_162' title='bbox 1239 2236 1285 2286; x_wconf 80' lang='lat' dir='ltr'><strong>is</strong></span> <span class='ocrx_word' id='word_1_163' title='bbox 1306 2237 1366 2299; x_wconf 86' lang='lat' dir='ltr'><strong>by</strong></span> <span class='ocrx_word' id='word_1_164' title='bbox 1382 2253 1494 2285; x_wconf 84' lang='lat' dir='ltr'><strong>men</strong></span> <span class='ocrx_word' id='word_1_165' title='bbox 1515 2237 1801 2302; x_wconf 53' lang='lat' dir='ltr'><strong>ordinari&amp;</strong></span> <span class='ocrx_word' id='word_1_166' title='bbox 1814 2238 2049 2300; x_wconf 78' lang='lat' dir='ltr'><strong>although</strong></span> <span class='ocrx_word' id='word_1_167' title='bbox 2075 2237 2297 2300; x_wconf 77' lang='lat' dir='ltr'><strong>wrongly</strong></span> 
     </span>
     <span class='ocr_line' id='line_1_22' title="bbox 417 2319 2295 2383; baseline 0.001 -16"><span class='ocrx_word' id='word_1_168' title='bbox 417 2320 620 2383; x_wconf 81' lang='lat' dir='ltr'><strong>opposed</strong></span> <span class='ocrx_word' id='word_1_169' title='bbox 632 2326 681 2369; x_wconf 86' lang='lat' dir='ltr'><strong>to</strong></span> <span class='ocrx_word' id='word_1_170' title='bbox 705 2320 881 2369; x_wconf 77' lang='lat' dir='ltr'><strong>Moral</strong></span> <span class='ocrx_word' id='word_1_171' title='bbox 905 2321 1175 2370; x_wconf 81' lang='lat' dir='ltr'><strong>Rectitude.</strong></span> <span class='ocrx_word' id='word_1_172' title='bbox 1248 2321 1380 2369; x_wconf 84' lang='lat' dir='ltr'><strong>How</strong></span> <span class='ocrx_word' id='word_1_173' title='bbox 1409 2336 1522 2368; x_wconf 86' lang='lat' dir='ltr'><strong>men</strong></span> <span class='ocrx_word' id='word_1_174' title='bbox 1551 2336 1677 2369; x_wconf 88' lang='lat' dir='ltr'><strong>come</strong></span> <span class='ocrx_word' id='word_1_175' title='bbox 1705 2327 1754 2369; x_wconf 87' lang='lat' dir='ltr'><strong>to</strong></span> <span class='ocrx_word' id='word_1_176' title='bbox 1780 2321 2030 2369; x_wconf 81' lang='lat' dir='ltr'><strong>entertain</strong></span> <span class='ocrx_word' id='word_1_177' title='bbox 2059 2319 2206 2368; x_wconf 85' lang='lat' dir='ltr'><strong>doubt</strong></span> <span class='ocrx_word' id='word_1_178' title='bbox 2231 2335 2295 2368; x_wconf 84' lang='lat' dir='ltr'><strong>on</strong></span> 
     </span>
     <span class='ocr_line' id='line_1_23' title="bbox 415 2401 1141 2465; baseline -0.001 -16"><span class='ocrx_word' id='word_1_179' title='bbox 415 2401 518 2449; x_wconf 74' lang='lat' dir='ltr'><strong>this</strong></span> <span class='ocrx_word' id='word_1_180' title='bbox 538 2402 732 2465; x_wconf 80' lang='lat' dir='ltr'><strong>subject.</strong></span> <span class='ocrx_word' id='word_1_181' title='bbox 803 2402 1141 2451; x_wconf 74' lang='lat' dir='ltr'><strong>Illmtration.</strong></span> 
     </span>
    </p>

    <p class='ocr_par' dir='ltr' id='par_1_6' title="bbox 413 2498 2295 2583">
     <span class='ocr_line' id='line_1_24' title="bbox 413 2498 2295 2583; baseline 0.001 -18"><span class='ocrx_word' id='word_1_182' title='bbox 413 2509 625 2583; x_wconf 88' lang='lat' dir='ltr'><strong>Itaque</strong></span> <span class='ocrx_word' id='word_1_183' title='bbox 655 2505 929 2567; x_wconf 87' lang='lat' dir='ltr'><strong>existimo</strong></span> <span class='ocrx_word' id='word_1_184' title='bbox 969 2506 1336 2579; x_wconf 88' lang='lat' dir='ltr'><strong>Panaetium,</strong></span> <span class='ocrx_word' id='word_1_185' title='bbox 1370 2527 1507 2568; x_wconf 91' lang='lat' dir='ltr'><strong>cum</strong></span> <span class='ocrx_word' id='word_1_186' title='bbox 1547 2506 1758 2568; x_wconf 87' lang='lat' dir='ltr'><strong>dixerit</strong></span> <span class='ocrx_word' id='word_1_187' title='bbox 1794 2504 2068 2566; x_wconf 90' lang='lat' dir='ltr'><strong>homines</strong></span> <span class='ocrx_word' id='word_1_188' title='bbox 2107 2498 2295 2567; x_wconf 74' lang='lat' dir='ltr'><strong>soler&#39;e</strong></span> 
     </span>
    </p>

    <p class='ocr_par' dir='ltr' id='par_1_7' title="bbox 284 2602 2387 2683">
     <span class='ocr_line' id='line_1_25' title="bbox 284 2602 2387 2683; baseline -0.004 -17"><span class='ocrx_word' id='word_1_189' title='bbox 284 2607 346 2666; x_wconf 91' lang='lat' dir='ltr'><strong>in</strong></span> <span class='ocrx_word' id='word_1_190' title='bbox 399 2605 512 2664; x_wconf 85' lang='lat' dir='ltr'><strong>bac</strong></span> <span class='ocrx_word' id='word_1_191' title='bbox 559 2602 1005 2683; x_wconf 91' lang='lat' dir='ltr'><strong>comparatione</strong></span> <span class='ocrx_word' id='word_1_192' title='bbox 1057 2603 1345 2676; x_wconf 87' lang='lat' dir='ltr'><strong>dubitare,</strong></span> <span class='ocrx_word' id='word_1_193' title='bbox 1400 2605 1517 2665; x_wconf 92' lang='lat' dir='ltr'><strong>hoc</strong></span> <span class='ocrx_word' id='word_1_194' title='bbox 1565 2603 1759 2682; x_wconf 91' lang='lat' dir='ltr'><strong>ipsum</strong></span> <span class='ocrx_word' id='word_1_195' title='bbox 1810 2603 2077 2675; x_wconf 88' lang='lat' dir='ltr'><strong>sensisse,</strong></span> <span class='ocrx_word' id='word_1_196' title='bbox 2130 2607 2292 2680; x_wconf 89' lang='lat' dir='ltr'><strong>quod</strong></span> <span class='ocrx_word' id='word_1_197' title='bbox 2324 2622 2387 2658; x_wconf 89' lang='lat'><strong>20</strong></span> 
     </span>
    </p>

    <p class='ocr_par' dir='ltr' id='par_1_8' title="bbox 284 2685 2293 2780">
     <span class='ocr_line' id='line_1_26' title="bbox 284 2685 2293 2780; baseline -0.001 -18"><span class='ocrx_word' id='word_1_198' title='bbox 284 2685 525 2774; x_wconf 59' lang='lat' dir='ltr'><strong>dixerit,</strong></span> <span class='ocrx_word' id='word_1_199' title='bbox 561 2700 800 2761; x_wconf 88' lang='lat' dir='ltr'><strong>‘solere&#39;</strong></span> <span class='ocrx_word' id='word_1_200' title='bbox 836 2702 1038 2773; x_wconf 90' lang='lat' dir='ltr'><strong>mod0‚</strong></span> <span class='ocrx_word' id='word_1_201' title='bbox 1073 2721 1195 2761; x_wconf 89' lang='lat' dir='ltr'><strong>non</strong></span> <span class='ocrx_word' id='word_1_202' title='bbox 1238 2701 1417 2761; x_wconf 89' lang='lat' dir='ltr'><strong>etiam</strong></span> <span class='ocrx_word' id='word_1_203' title='bbox 1465 2700 1803 2780; x_wconf 74' lang='lat' dir='ltr'><strong>‘oportere&#39;</strong></span> <span class='ocrx_word' id='word_1_204' title='bbox 1891 2700 2126 2761; x_wconf 85' lang='lat' dir='ltr'><strong>Etenim</strong></span> <span class='ocrx_word' id='word_1_205' title='bbox 2173 2719 2293 2760; x_wconf 89' lang='lat' dir='ltr'><strong>non</strong></span> 
     </span>
    </p>

    <p class='ocr_par' dir='ltr' id='par_1_9' title="bbox 284 2796 2294 3072">
     <span class='ocr_line' id='line_1_27' title="bbox 284 2796 2291 2877; baseline -0.001 -17"><span class='ocrx_word' id='word_1_206' title='bbox 284 2799 474 2860; x_wconf 89' lang='lat' dir='ltr'><strong>modo</strong></span> <span class='ocrx_word' id='word_1_207' title='bbox 529 2796 710 2876; x_wconf 91' lang='lat' dir='ltr'><strong>pluris</strong></span> <span class='ocrx_word' id='word_1_208' title='bbox 766 2812 975 2877; x_wconf 84' lang='lat' dir='ltr'><strong>putare</strong></span> <span class='ocrx_word' id='word_1_209' title='bbox 1017 2800 1182 2876; x_wconf 91' lang='lat' dir='ltr'><strong>quod</strong></span> <span class='ocrx_word' id='word_1_210' title='bbox 1228 2798 1371 2858; x_wconf 88' lang='lat' dir='ltr'><strong>utile</strong></span> <span class='ocrx_word' id='word_1_211' title='bbox 1421 2797 1689 2859; x_wconf 90' lang='lat' dir='ltr'><strong>videatur</strong></span> <span class='ocrx_word' id='word_1_212' title='bbox 1738 2817 1918 2875; x_wconf 90' lang='lat' dir='ltr'><strong>quam</strong></span> <span class='ocrx_word' id='word_1_213' title='bbox 1968 2798 2130 2875; x_wconf 88' lang='lat' dir='ltr'><strong>quod</strong></span> <span class='ocrx_word' id='word_1_214' title='bbox 2187 2797 2291 2857; x_wconf 92' lang='lat' dir='ltr'><strong>ho·</strong></span> 
     </span>
     <span class='ocr_line' id='line_1_28' title="bbox 285 2895 2294 2974; baseline -0.001 -16"><span class='ocrx_word' id='word_1_215' title='bbox 285 2910 525 2960; x_wconf 90' lang='lat' dir='ltr'><strong>nestum</strong></span> <span class='ocrx_word' id='word_1_216' title='bbox 576 2898 667 2970; x_wconf 87' lang='lat' dir='ltr'><strong>sit,</strong></span> <span class='ocrx_word' id='word_1_217' title='bbox 714 2899 820 2957; x_wconf 93' lang='lat' dir='ltr'><strong>sed</strong></span> <span class='ocrx_word' id='word_1_218' title='bbox 864 2899 1011 2958; x_wconf 86' lang='lat' dir='ltr'><strong>haec</strong></span> <span class='ocrx_word' id='word_1_219' title='bbox 1062 2897 1238 2957; x_wconf 87' lang='lat' dir='ltr'><strong>etiam</strong></span> <span class='ocrx_word' id='word_1_220' title='bbox 1283 2896 1437 2957; x_wconf 91' lang='lat' dir='ltr'><strong>inter</strong></span> <span class='ocrx_word' id='word_1_221' title='bbox 1480 2917 1542 2957; x_wconf 89' lang='lat' dir='ltr'><strong>se</strong></span> <span class='ocrx_word' id='word_1_222' title='bbox 1593 2914 1936 2974; x_wconf 88' lang='lat' dir='ltr'><strong>comparare</strong></span> <span class='ocrx_word' id='word_1_223' title='bbox 1986 2909 2042 2956; x_wconf 89' lang='lat' dir='ltr'><strong>et</strong></span> <span class='ocrx_word' id='word_1_224' title='bbox 2094 2895 2153 2954; x_wconf 92' lang='lat' dir='ltr'><strong>in</strong></span> <span class='ocrx_word' id='word_1_225' title='bbox 2204 2895 2294 2955; x_wconf 90' lang='lat' dir='ltr'><strong>his</strong></span> 
     </span>
     <span class='ocr_line' id='line_1_29' title="bbox 284 2992 2293 3072; baseline -0.003 -16"><span class='ocrx_word' id='word_1_226' title='bbox 284 2994 638 3056; x_wconf 89' lang='lat' dir='ltr'><strong>addubitare</strong></span> <span class='ocrx_word' id='word_1_227' title='bbox 696 2992 1095 3072; x_wconf 88' lang='lat' dir='ltr'><strong>turpissimum</strong></span> <span class='ocrx_word' id='word_1_228' title='bbox 1157 3005 1262 3053; x_wconf 89' lang='lat' dir='ltr'><strong>est.</strong></span> <span class='ocrx_word' id='word_1_229' title='bbox 1372 2992 1535 3068; x_wconf 88' lang='lat' dir='ltr'><strong>Quid</strong></span> <span class='ocrx_word' id='word_1_230' title='bbox 1593 3011 1732 3069; x_wconf 88' lang='lat' dir='ltr'><strong>ergo</strong></span> <span class='ocrx_word' id='word_1_231' title='bbox 1789 3004 1893 3064; x_wconf 88' lang='lat' dir='ltr'><strong>est,</strong></span> <span class='ocrx_word' id='word_1_232' title='bbox 1946 2993 2110 3069; x_wconf 91' lang='lat' dir='ltr'><strong>quod</strong></span> <span class='ocrx_word' id='word_1_233' title='bbox 2172 3011 2293 3053; x_wconf 91' lang='lat' dir='ltr'><strong>non</strong></span> 
     </span>
    </p>

    <p class='ocr_par' dir='ltr' id='par_1_10' title="bbox 288 3085 2383 3170">
     <span class='ocr_line' id='line_1_30' title="bbox 288 3085 2383 3170; baseline -0.002 -16"><span class='ocrx_word' id='word_1_234' title='bbox 288 3112 617 3170; x_wconf 90' lang='lat' dir='ltr'><strong>numquam</strong></span> <span class='ocrx_word' id='word_1_235' title='bbox 670 3085 1106 3152; x_wconf 78' lang='lat' dir='ltr'><strong>dubitationem</strong></span> <span class='ocrx_word' id='word_1_236' title='bbox 1157 3093 1383 3151; x_wconf 83' lang='lat' dir='ltr'><strong>adferre</strong></span> <span class='ocrx_word' id='word_1_237' title='bbox 1437 3092 1623 3150; x_wconf 89' lang='lat' dir='ltr'><strong>soleat</strong></span> <span class='ocrx_word' id='word_1_238' title='bbox 1672 3090 2293 3165; x_wconf 91' lang='lat' dir='ltr'><strong>considerandumque</strong></span> <span class='ocrx_word' id='word_1_239' title='bbox 2323 3111 2383 3164; x_wconf 84' lang='lat'><strong>25</strong></span> 
     </span>
    </p>

    <p class='ocr_par' dir='ltr' id='par_1_11' title="bbox 287 3186 2290 3265">
     <span class='ocr_line' id='line_1_31' title="bbox 287 3186 2290 3265; baseline -0.001 -16"><span class='ocrx_word' id='word_1_240' title='bbox 287 3188 601 3249; x_wconf 82' lang='lat' dir='ltr'><strong>videatur?</strong></span> <span class='ocrx_word' id='word_1_241' title='bbox 648 3189 866 3261; x_wconf 88' lang='lat' dir='ltr'><strong>Cred0,</strong></span> <span class='ocrx_word' id='word_1_242' title='bbox 898 3188 946 3248; x_wconf 90' lang='lat' dir='ltr'><strong>si</strong></span> <span class='ocrx_word' id='word_1_243' title='bbox 987 3190 1230 3265; x_wconf 86' lang='lat' dir='ltr'><strong>quando</strong></span> <span class='ocrx_word' id='word_1_244' title='bbox 1273 3188 1568 3248; x_wconf 87' lang='lat' dir='ltr'><strong>dubitatio</strong></span> <span class='ocrx_word' id='word_1_245' title='bbox 1611 3187 1843 3259; x_wconf 91' lang='lat' dir='ltr'><strong>accidit,</strong></span> <span class='ocrx_word' id='word_1_246' title='bbox 1886 3190 2059 3265; x_wconf 90' lang='lat' dir='ltr'><strong>quale</strong></span> <span class='ocrx_word' id='word_1_247' title='bbox 2098 3186 2172 3246; x_wconf 88' lang='lat' dir='ltr'><strong>sit</strong></span> <span class='ocrx_word' id='word_1_248' title='bbox 2211 3186 2290 3255; x_wconf 90' lang='lat' dir='ltr'><strong>id,</strong></span> 
     </span>
    </p>

    <p class='ocr_par' dir='ltr' id='par_1_12' title="bbox 288 3272 2293 3366">
     <span class='ocr_line' id='line_1_32' title="bbox 288 3272 2293 3366; baseline -0.001 -19"><span class='ocrx_word' id='word_1_249' title='bbox 288 3289 364 3347; x_wconf 92' lang='lat' dir='ltr'><strong>de</strong></span> <span class='ocrx_word' id='word_1_250' title='bbox 394 3307 516 3364; x_wconf 92' lang='lat' dir='ltr'><strong>quo</strong></span> <span class='ocrx_word' id='word_1_251' title='bbox 545 3286 969 3348; x_wconf 88' lang='lat' dir='ltr'><strong>consideretur.</strong></span> <span class='ocrx_word' id='word_1_252' title='bbox 1010 3272 1039 3366; x_wconf 74' lang='lat' dir='ltr'><em>s</em></span> <span class='ocrx_word' id='word_1_253' title='bbox 1063 3305 1150 3364; x_wconf 90' lang='lat'><strong>19.</strong></span> <span class='ocrx_word' id='word_1_254' title='bbox 1212 3289 1401 3365; x_wconf 90' lang='lat' dir='ltr'><strong>Saepe</strong></span> <span class='ocrx_word' id='word_1_255' title='bbox 1431 3287 1590 3346; x_wconf 90' lang='lat' dir='ltr'><strong>enim</strong></span> <span class='ocrx_word' id='word_1_256' title='bbox 1623 3297 1892 3364; x_wconf 88' lang='lat' dir='ltr'><strong>tempore</strong></span> <span class='ocrx_word' id='word_1_257' title='bbox 1924 3287 1987 3346; x_wconf 84' lang='lat' dir='ltr'><strong>fit</strong></span> <span class='ocrx_word' id='word_1_258' title='bbox 2015 3295 2097 3358; x_wconf 91' lang='lat' dir='ltr'><strong>ut,</strong></span> <span class='ocrx_word' id='word_1_259' title='bbox 2130 3285 2293 3362; x_wconf 91' lang='lat' dir='ltr'><strong>quod</strong></span> 
     </span>
    </p>
   </div>
   <div class='ocr_carea' id='block_1_6' title="bbox 287 3461 2289 3612">
    <p class='ocr_par' dir='ltr' id='par_1_13' title="bbox 287 3461 2289 3612">
     <span class='ocr_line' id='line_1_33' title="bbox 389 3461 2289 3529; baseline -0.004 -11"><span class='ocrx_word' id='word_1_260' title='bbox 389 3461 574 3518; x_wconf 53' lang='lat' dir='ltr'><strong>dsunt</strong></span> <span class='ocrx_word' id='word_1_261' title='bbox 620 3468 776 3518; x_wconf 77' lang='lat' dir='ltr'><strong>habiti</strong></span> <span class='ocrx_word' id='word_1_262' title='bbox 827 3468 989 3517; x_wconf 79' lang='lat' dir='ltr'><strong>Het‘ne</strong></span> <span class='ocrx_word' id='word_1_263' title='bbox 1034 3472 1054 3525; x_wconf 90' lang='grc' dir='ltr'><strong>ΙΙ</strong></span> <span class='ocrx_word' id='word_1_264' title='bbox 1096 3484 1154 3518; x_wconf 76' lang='lat'><strong>22</strong></span> <span class='ocrx_word' id='word_1_265' title='bbox 1190 3468 1454 3516; x_wconf 85' lang='lat' dir='ltr'><strong>honestum</strong></span> <span class='ocrx_word' id='word_1_266' title='bbox 1488 3467 1551 3517; x_wconf 88' lang='lat' dir='ltr'><strong>sit</strong></span> <span class='ocrx_word' id='word_1_267' title='bbox 1601 3468 1676 3517; x_wconf 86' lang='lat' dir='ltr'><strong>Or</strong></span> <span class='ocrx_word' id='word_1_268' title='bbox 1708 3467 1768 3515; x_wconf 85' lang='lat' dir='ltr'><strong>St</strong></span> <span class='ocrx_word' id='word_1_269' title='bbox 1800 3472 2054 3529; x_wconf 79' lang='lat' dir='ltr'><strong>tamquam</strong></span> <span class='ocrx_word' id='word_1_270' title='bbox 2097 3480 2123 3514; x_wconf 89' lang='lat' dir='ltr'><strong>e</strong></span> <span class='ocrx_word' id='word_1_271' title='bbox 2166 3465 2289 3513; x_wconf 80' lang='lat' dir='ltr'><strong>coni.</strong></span> 
     </span>
     <span class='ocr_line' id='line_1_34' title="bbox 287 3546 2087 3612; baseline -0.003 -11"><span class='ocrx_word' id='word_1_272' title='bbox 287 3567 398 3602; x_wconf 82' lang='lat' dir='ltr'><strong>cum</strong></span> <span class='ocrx_word' id='word_1_273' title='bbox 423 3552 596 3600; x_wconf 75' lang='lat' dir='ltr'><strong>habeat</strong></span> <span class='ocrx_word' id='word_1_274' title='bbox 617 3552 714 3600; x_wconf 85' lang='lat' dir='ltr'><strong>cod.</strong></span> <span class='ocrx_word' id='word_1_275' title='bbox 739 3552 893 3600; x_wconf 81' lang='lat' dir='ltr'><strong>Bern.</strong></span> <span class='ocrx_word' id='word_1_276' title='bbox 923 3566 962 3611; x_wconf 91' lang='lat' dir='ltr'><strong>c,</strong></span> <span class='ocrx_word' id='word_1_277' title='bbox 991 3550 1251 3599; x_wconf 84' lang='lat' dir='ltr'><strong>honestum</strong></span> <span class='ocrx_word' id='word_1_278' title='bbox 1276 3558 1351 3599; x_wconf 90' lang='lat' dir='ltr'><strong>est</strong></span> <span class='ocrx_word' id='word_1_279' title='bbox 1374 3549 1648 3598; x_wconf 80' lang='lat' dir='ltr'><strong>Fleckeisen</strong></span> <span class='ocrx_word' id='word_1_280' title='bbox 1662 3547 1900 3612; x_wconf 81' lang='lat' dir='ltr'><strong>probante</strong></span> <span class='ocrx_word' id='word_1_281' title='bbox 1925 3546 2087 3596; x_wconf 65' lang='lat' dir='ltr'><strong>Heine</strong></span> 
     </span>
    </p>
   </div>
  </div>
 </body>
</html>
