2685 3938
347 150 417 208 16
796 152 892 209 De
932 152 1274 209 contentione
1311 150 1564 209 Honesti
1598 157 1653 208 et
1702 151 1877 210 Utilis
1954 147 2083 230 [III
2114 167 2229 208 v111
2266 165 2337 223 37

340 334 745 399 perrumpunt,
792 324 897 383 sed
938 322 1122 401 ipsius
1166 324 1567 402 turpitudiniS,
1615 342 1769 397 quae
1811 321 2192 382 acerbissima
2232 333 2338 392 est,

341 439 465 478 non
491 419 712 480 vident.

354 568 509 616 When
546 582 617 616 an
653 568 815 616 action
854 567 900 616 is
934 566 1176 630 certainly
1205 581 1392 630 wrong,
1429 566 1472 614 it
1507 567 1552 615 is
1586 565 1831 614 criminal
1854 582 1973 614 even
2009 573 2057 614 to
2087 566 2347 614 deliberate

469 649 689 697 whether
706 665 777 697 we
797 642 936 697 sha‘ll
949 649 1009 696 a⁷o
1038 650 1083 696 it
1108 664 1168 696 or
1194 655 1294 706 not,
1313 647 1564 695 whatever
1574 648 1956 712 seemingprofit
1985 648 2028 694 it
2055 664 2170 709 may
2198 647 2353 710 bring

469 732 622 793 along
636 731 763 779 zvitk
793 731 852 788 it,
876 732 935 778 in
964 731 1045 779 the
1073 731 1189 793 hope
1218 730 1279 791 of
1297 731 1622 779 concealment
1642 730 1753 778 that
1774 746 1825 778 so
1845 745 1918 777 we
1940 746 2056 792 may
2076 730 2134 777 do
2157 730 2202 776 it
2219 729 2344 776 with

472 812 741 876 impunity.

342 893 488 954 Story
507 891 570 955 of
584 892 733 955 Gyges
753 891 863 939 and
876 891 958 940 lzis
978 892 1134 955 Ring.

428 1017 521 1076 37.
616 1001 811 1074 Quam
864 1002 943 1059 ob
994 1018 1118 1058 rem
1175 999 1290 1058 hoc
1347 999 1589 1075 quidem
1648 1000 2104 1060 deliberantium
2158 1021 2344 1077 genus

346 1099 598 1173 pellatur
633 1115 666 1155 e
701 1096 1076 1155 medio—est
1109 1096 1268 1156 enim
1298 1107 1494 1156 totum
1528 1098 1872 1156 sceleratum
1906 1110 1965 1157 et
1993 1097 2341 1174 impium—,

345 1195 448 1272 qui
497 1194 828 1254 deliberant
878 1205 1075 1253 utrum
1124 1193 1187 1252 id
1238 1206 1576 1269 sequantur,
1626 1196 1791 1270 quod
1847 1196 2164 1254 honestum
2216 1215 2344 1255 esse
2376 1217 2402 1270 5

346 1293 607 1364 videant,
646 1313 723 1350 an
761 1311 826 1352 se
872 1291 1124 1351 scientes
1170 1293 1390 1351 scelere
1429 1292 1873 1367 contaminent3
1918 1292 1979 1351 in
2019 1294 2149 1369 ipsa
2186 1294 2345 1354 enim

348 1389 722 1449 dubitatione
764 1388 991 1447 facinus
1034 1389 1203 1456 inest,
1249 1387 1429 1447 etiarn
1473 1388 1522 1447 si
1562 1388 1641 1447 ad
1689 1388 1751 1448 id
1791 1409 1913 1448 non
1951 1389 2342 1465 pervenerint.

349 1489 505 1564 Ergo
545 1506 617 1546 ea
654 1486 1040 1545 deliberanda
1078 1485 1325 1545 omnino
1361 1505 1484 1545 non
1520 1497 1674 1556 sunt,
1705 1486 1767 1544 in
1802 1487 2015 1563 quibus
2046 1500 2133 1545 est
2163 1487 2346 1564 turpis

348 1584 476 1661 ipsa
506 1583 866 1644 deliberatio.
927 1587 1128 1659 Atque
1157 1584 1335 1643 etiam
1368 1603 1441 1644 ex
1463 1584 1628 1644 omni
1655 1584 2084 1644 deliberatione
2113 1585 2346 1645 celandi

349 1694 408 1742 et
460 1680 801 1741 occultandi
851 1701 985 1759 spes
1042 1680 1366 1758 opinioque
1415 1683 1776 1741 removenda
1824 1694 1947 1741 est:
1998 1682 2137 1740 satis
2189 1682 2344 1741 enim
2381 1703 2443 1738 10

349 1779 540 1850 nobiS‚
568 1777 615 1837 si
645 1779 827 1838 modo
857 1778 923 1866 in
946 1777 1328 1856 philosophia
1355 1777 1578 1854 aliquid
1608 1776 1983 1857 profecimus,
2001 1798 2348 1855 persuasum

352 1897 480 1936 esse
511 1878 710 1948 debet,
743 1876 792 1935 si
822 1895 1030 1935 omnes
1060 1877 1206 1934 deos
1236 1875 1628 1951 hominesque
1659 1878 1848 1935 celare
1876 1876 2173 1953 possimus
2201 1878 2348 1936 nihil

354 1987 552 2034 tamen
581 1993 753 2034 avare
785 1974 930 2032 nihil
959 1973 1189 2045 iniuste,
1215 1972 1362 2032 nihil
1392 1972 1709 2033 libidinose
1740 1974 1885 2032 nihil
1912 1974 2349 2034 incontinenter

245 2087 323 2134 IX
353 2093 482 2132 esse
525 2072 879 2131 faciendum.
966 2073 1061 2149 38.
1131 2072 1295 2129 Hinc
1323 2070 1422 2131 ille
1451 2074 1647 2149 Gyges
1686 2072 1984 2132 inducitur
2012 2093 2049 2132 a
2080 2075 2345 2144 Platone,

352 2173 472 2248 qui,
514 2189 650 2230 cum
708 2181 861 2230 terra
921 2169 1283 2229 discessisset
1345 2171 1573 2247 magnis
1629 2171 1985 2252 quibusdam
2042 2172 2344 2243 imbribuS,
2382 2191 2437 2242 15

350 2268 658 2329 descendit
710 2268 771 2326 in
819 2266 987 2326 illum
1035 2266 1261 2326 hiatum
1317 2270 1691 2343 aeneumque
1747 2287 1986 2344 equum,
2044 2278 2110 2328 ut
2155 2270 2346 2328 ferunt

348 2366 601 2436 fabulae,
670 2362 1103 2436 animadvertit,
1171 2363 1340 2423 cuius
1409 2362 1473 2421 in
1542 2363 1821 2423 lateribus
1889 2366 2044 2424 fores
2116 2378 2344 2426 essent:

349 2463 564 2541 quibus
613 2460 828 2539 apertis
883 2479 1100 2536 corpus
1133 2458 1414 2519 ·hominis
1470 2459 1687 2519 mortui
1737 2460 1885 2519 vidit
1939 2461 2346 2539 magnitudine

349 2560 627 2621 inusitata
676 2559 1040 2635 anulumque
1083 2577 1327 2617 aureum
1379 2556 1440 2615 in
1485 2557 1690 2633 digito,
1739 2577 1917 2633 quem
1964 2571 2029 2618 ut
2074 2559 2343 2633 detraxit,

284 2722 290 2727 ,
349 2657 476 2734 ipse
514 2654 912 2714 induit—erat
950 2663 1149 2713 autern
1187 2652 1380 2730 regius
1418 2665 1715 2729 pastor—,
1756 2655 1985 2714 tum.in
2027 2654 2346 2714 concilium
2375 2675 2441 2710 20

349 2775 413 2816 se
441 2765 743 2831 pastorum
772 2751 1008 2829 recepit.
1099 2751 1193 2810 Ibi
1222 2771 1360 2810 cum
1388 2754 1586 2829 palam
1616 2751 1743 2813 eius
1772 2752 1935 2812 anuli
1972 2755 2047 2812 ad
2087 2755 2346 2830 palmam

348 2861 734 2921 converterat,
775 2869 811 2908 a
848 2851 1012 2908 nullo
1052 2848 1379 2922 videbatur,
1421 2848 1549 2926 ipse
1587 2862 1787 2908 autem
1833 2849 2034 2910 omnia
2071 2849 2346 2911 videbat:

346 2953 507 3012 idem
559 2970 755 3010 rursus
803 2948 1130 3020 videbatur,
1178 2968 1316 3008 cum
1363 2948 1423 3005 in
1471 2949 1672 3008 locum
1721 2950 1964 3008 anulum
2014 2948 2344 3009 inverterat.

351 3052 564 3126 Itaque
594 3049 706 3108 hac
734 3044 1179 3125 opportunitate
1206 3046 1366 3104 anuli
1397 3065 1538 3105 usus
1566 3046 1803 3122 reginae
1842 3057 2113 3124 stuprum
2152 3046 2348 3106 intulit

349 3166 540 3225 eaque
589 3144 874 3206 adiutrice
920 3163 1116 3220 regem
1175 3142 1487 3204 dominum
1543 3143 1856 3216 interemit,
1909 3145 2141 3205 sustulit
2195 3165 2347 3222 quos
2376 3165 2437 3215 25

349 3247 584 3305 obstare
622 3243 1027 3314 arbitrabatur,
1070 3260 1183 3300 nec
1219 3240 1282 3300 in
1321 3241 1414 3300 his
1452 3260 1590 3301 eum
1636 3241 1993 3302 facinoribus
2032 3241 2346 3319 quisquam

348 3385 589 3434 Baiterus
615 3384 751 3433 Orat.
780 3384 928 3431 Part.
958 3384 986 3442 ἓ
1012 3396 1103 3432 112
1134 3396 1450 3446 perrumpere
1480 3382 1783 3446 periculum3
1829 3383 1965 3433 Verr.
1997 3394 2016 3432 1
2039 3385 2067 3444 ἓ
2096 3398 2151 3447 13
2175 3399 2347 3447 quaes-

349 3467 510 3516 tiones
532 3480 849 3530 perrumpere
914 3468 935 3523 ΙΙ
1006 3478 1064 3527 19
1097 3463 1348 3515 inuisitata
1371 3465 1451 3513 Ba
1474 3465 1606 3514 Mu:
1637 3466 1783 3528 vulgv
1805 3466 2036 3514 inusitata
