2685 3938
347 221 448 277 111
482 237 520 276 v
553 239 582 276 2
592 215 654 299 3]
999 220 1096 277 De
1152 219 1440 278 Utilitatis
1479 227 1696 277 natura
1905 270 1908 275 .
2314 242 2349 297 9

345 406 466 446 non
524 386 858 447 honestum.
945 388 1136 447 Nobis
1193 399 1393 448 autem
1446 400 1648 448 nostra
1699 386 2026 447 Academia
2075 407 2349 464 magnam

342 482 641 543 licentiam
681 485 800 555 dat,
834 495 916 557 ut,
949 484 1376 561 quodcumque
1422 483 1676 543 maxime
1714 482 2020 561 probabile
2059 497 2344 557 occurrat,

343 579 405 638 id
436 592 639 639 nostro
667 579 792 640 iure
822 579 993 641 liceat
1026 581 1363 645 defendere.
1453 582 1570 641 Sed
1600 578 1786 639 redeo
1809 580 1886 639 ad
1915 581 2244 640 formulam.

355 728 505 775 What
522 729 743 792 seeming
758 729 1075 791 Expediency
1097 729 1143 776 is
1162 734 1395 799 congrary
1415 735 1464 776 to
1483 729 1697 777 Nature.

351 804 418 853 To
449 821 626 868 wrong
650 806 860 854 another
873 806 970 870 for
998 806 1161 871 selfisk
1193 807 1313 855 ends·
1341 807 1482 855 tendr
1510 813 1559 855 to
1586 807 1785 854 subvert
1812 806 2006 854 human
2034 807 2219 870 society,
2248 808 2357 856 and

472 887 517 935 is
538 886 774 950 therefore
779 887 1050 951 fhrbidden
1083 887 1147 952 (a)
1173 889 1233 952 by
1253 889 1334 937 the
1358 890 1456 937 law
1476 888 1539 952 qf
1546 888 1762 946 Nature,

265 996 315 1043 V
467 1005 558 1042 21.
636 987 962 1045 Detrahere
1000 985 1174 1063 igitur
1212 986 1378 1046 alteri
1415 985 1639 1062 aliquid
1669 998 1727 1046 et
1755 984 2060 1044 hominem
2089 984 2348 1045 hominis

340 1083 730 1144 incommodo
785 1103 960 1144 suum
1017 1086 1406 1145 commodum
1467 1102 1683 1160 augere
1743 1083 1930 1160 magis
1990 1095 2080 1144 est
2140 1097 2349 1144 contra
2376 1103 2403 1158 5

340 1195 611 1243 naturam
657 1203 837 1260 quam
881 1203 1056 1256 mom,
1104 1203 1282 1260 quam
1325 1192 1655 1262 paupertaS,
1703 1201 1882 1258 quam
1934 1183 2120 1252 dolor,
2167 1200 2348 1258 quam

340 1291 552 1353 cetera,
586 1301 739 1358 quae
768 1292 1017 1359 possunt
1045 1292 1146 1341 aut
1176 1281 1411 1359 corpori
1439 1280 1710 1341 accidere
1739 1293 1842 1340 aut
1868 1282 2043 1339 rebus
2075 1279 2342 1341 externis.

343 1380 500 1436 Nam
550 1378 842 1456 principio
892 1379 1045 1439 tollit
1096 1378 1435 1439 convictum
1488 1380 1814 1438 humanum
1866 1389 1925 1439 et
1982 1377 2341 1439 societatem.

340 1475 398 1534 Si
429 1476 589 1535 enim
620 1477 706 1537 sic
735 1478 951 1537 erimus
980 1476 1216 1550 adfecti,
1248 1488 1314 1537 ut
1341 1487 1584 1555 propter
1622 1496 1795 1536 suum
1835 1476 2088 1553 quisque
2125 1478 2344 1537 emolu-

340 1585 604 1633 mentum
656 1558 870 1650 spoliet
918 1587 1019 1635 aut
1069 1574 1250 1635 violet
1300 1577 1567 1645 alterum,
1621 1572 1909 1651 disrumpi
1965 1592 2207 1633 neeesse
2257 1583 2345 1633 est
2377 1591 2437 1627 10

338 1691 490 1743 eam,
523 1691 674 1748 quae
712 1672 970 1734 maxime
1009 1685 1099 1734 est
1137 1674 1470 1734 secundum
1510 1684 1796 1744 naturam,
1829 1671 2076 1731 humani
2111 1671 2343 1749 generis

337 1770 700 1831 societatem.
793 1793 883 1830 22.
956 1774 1059 1844 Ut,
1092 1772 1141 1830 si
1181 1791 1366 1831 unum
1406 1771 1689 1847 quodque
1729 1772 2064 1829 membrum
2104 1788 2343 1828 sensum

337 1868 498 1927 hunc
526 1868 787 1938 haberet,
820 1880 885 1927 ut
914 1888 1089 1946 posse
1118 1877 1353 1947 putaret
1382 1885 1446 1926 se
1474 1868 1685 1932 valere,
1720 1863 1771 1923 si
1797 1864 2054 1942 proximi
2091 1863 2344 1924 membri

338 1964 738 2025 valetudinem
780 1965 858 2025 ad
901 1985 964 2025 se
1008 1964 1382 2037 traduxisset,
1429 1960 1724 2023 debilitari
1765 1973 1825 2022 et
1867 1960 2100 2022 interire
2149 1973 2342 2021 totum

336 2083 552 2140 corpus
601 2082 845 2124 necesse
887 2075 1060 2137 esset,
1106 2062 1207 2134 sic,
1253 2061 1305 2122 si
1344 2080 1497 2120 unus
1541 2058 1792 2136 quisque
1834 2071 2099 2118 nostrum
2152 2059 2228 2118 ad
2277 2078 2342 2118 se
2373 2079 2428 2134 15

334 2160 523 2238 rapiat
571 2161 892 2221 commoda
939 2160 1187 2220 aliorum
1236 2158 1624 2235 detrahatque
1673 2156 1837 2233 quod
1886 2154 2101 2232 cuique
2154 2153 2342 2232 possit

336 2257 727 2317 emolumenti
774 2257 865 2317 sui
913 2257 1114 2334 gratia,
1168 2255 1421 2317 societas
1470 2254 1780 2313 hominum
1829 2262 1889 2312 et
1943 2252 2339 2312 communitas

336 2365 628 2414 evertatur
676 2374 920 2414 necesse
970 2367 1073 2415 est.
1165 2357 1322 2413 Nam
1375 2351 1490 2412 sibi
1538 2363 1602 2411 ut
1651 2349 1903 2427 quisque
1953 2348 2118 2408 malit
2174 2351 2340 2426 quod

334 2452 413 2511 ad
452 2472 624 2511 usum
664 2451 818 2512 vitae
856 2453 1147 2531 pertineat
1186 2471 1368 2528 quam
1407 2448 1574 2509 alteri
1617 2448 1943 2524 adquirere,
1986 2466 2336 2507 concessum

334 2562 423 2610 est
474 2569 594 2609 non
644 2561 1011 2626 repugnante
1061 2553 1307 2609 naturai
1364 2547 1511 2606 illud
1563 2558 1771 2605 natura
1819 2565 1940 2604 non
1992 2544 2225 2622 patitur,
2274 2558 2338 2605 ut
2366 2565 2429 2600 20

333 2648 580 2707 aliorum
613 2648 814 2725 spoliis
845 2658 1073 2707 nostras
1103 2648 1431 2717 facultateS‚
1462 2644 1683 2723 copiaS,
1717 2664 1861 2723 opes
1890 2664 2225 2723 augeamus

833 2793 905 2858 (b)
940 2796 1000 2857 by
1021 2795 1101 2843 the
1123 2796 1272 2843 Laws
1292 2794 1354 2858 qs
1351 2794 1643 2857 particular
1663 2795 1836 2842 States.

459 2923 488 2960 2
498 2922 547 2978 3.
640 2905 852 2978 Neque
881 2921 1021 2961 vero
1062 2901 1179 2961 hoc
1207 2903 1402 2961 solum
1431 2913 1655 2972 natura,
1688 2899 1750 2958 id
1781 2911 1869 2958 est
1898 2898 2021 2958 iure
2049 2898 2331 2976 gentium,

333 3000 439 3059 sed
469 2998 648 3058 etiam
683 3000 912 3076 legibus
951 2999 1327 3076 populorum,
1362 2997 1575 3073 quibus
1614 2995 1676 3055 in
1715 2994 1960 3072 singulis
2000 2994 2334 3055 civitatibus

331 3117 427 3182 res
451 3097 691 3175 publica
719 3095 1068 3169 continetur,
1103 3096 1315 3155 eodem
1347 3095 1530 3154 modo
1559 3092 1946 3155 constitutum
1978 3105 2083 3163 est,
2114 3104 2178 3151 ut
2212 3112 2333 3152 non

331 3197 506 3255 liceat
538 3196 623 3255 sui
653 3195 960 3254 commodi
990 3212 1168 3254 causa
1196 3212 1415 3254 nocere
1444 3192 1627 3252 alteri.
1703 3194 1846 3252 Hoc
1875 3191 2033 3251 enim
2064 3200 2334 3268 spectant
2363 3206 2419 3256 25

333 3294 507 3369 legeS‚
552 3294 668 3354 hoc
709 3295 934 3367 volunt,
980 3293 1341 3351 incolumem
1388 3309 1518 3350 esse
1560 3289 1778 3350 civium
1826 3287 2329 3358 coniunctionem,

333 3407 510 3466 quam
535 3392 634 3467 qui
666 3389 966 3461 dirimunt,
994 3408 1097 3448 eos
1129 3399 1319 3446 morte
1342 3385 1537 3458 exilio,
1562 3385 1770 3445 vinclis
1792 3385 2015 3443 damno
2038 3387 2327 3442 coercent.

823 3550 882 3585 22
917 3545 1093 3584 natura
1123 3543 1172 3585 et
1205 3536 1307 3583 iure
1337 3536 1411 3583 Or
1435 3536 1508 3582 Be
1532 3533 1713 3582 invitis
1735 3531 1864 3580 codd.
