2685 3938
367 248 443 321 36
821 252 920 308 De
951 252 1286 309 contentione
1328 252 1578 309 Honesti
1612 258 1669 310 et
1721 251 1899 310 Utilis
2010 249 2137 332 [111
2169 269 2260 310 xx
2291 253 2363 309 82

366 422 673 479 consulem
706 422 784 480 ob
816 441 947 481 eam
977 441 1101 481 rem
1127 420 1264 496 fieri,
1290 422 1455 497 quod
1478 419 1590 481 sibi
1613 433 1737 481 tum
1761 432 2167 499 proposuerat,
2194 421 2366 481 valde

364 519 508 580 utile
536 521 859 582 videbatur.

366 660 497 708 Rule
513 660 610 725 for
639 677 735 710 our
756 662 1003 725 gut‘dance
1038 662 1097 710 in
1127 662 1247 710 such
1281 677 1421 710 cases.
1489 663 1536 710 A
1574 677 1695 709 man
1726 662 1841 708 loses
1871 675 2002 708 more
2033 660 2094 722 by
2121 660 2278 723 doing·
2300 676 2370 708 an

497 739 735 788 immoral
759 741 922 789 actz'cm
954 740 1080 789 than
1111 739 1171 788 Ιιε
1202 755 1294 787 can
1326 755 1442 788 ever
1463 739 1592 803 gain
1623 739 1684 802 by
1716 738 1775 796 it,
1810 738 1862 785 bc
1893 737 1974 785 the
2011 737 2212 785 reward
2235 737 2374 807 what

496 823 541 871 it
570 839 701 885 may.

489 923 607 981 Sed
646 923 912 980 omnium
951 942 1072 981 una
1105 923 1303 998 regula
1335 932 1440 991 est,
1474 940 1652 997 quam
1683 919 1790 980 tibi
1819 917 1997 997 cupio
2028 938 2155 978 esse
2187 916 2368 979 notis-

370 1017 616 1078 simam:
661 1031 760 1079 aut
802 1019 964 1090 illud,
1007 1021 1173 1096 quod
1214 1017 1357 1078 utile
1400 1017 1648 1089 videtur,
1695 1026 1864 1093 turpe
1908 1036 1984 1075 ne
2027 1016 2118 1088 sit,
2163 1026 2280 1087 aut,
2322 1014 2370 1074 si

368 1127 537 1193 turpe
577 1128 683 1189 est,
716 1137 793 1176 ne
822 1118 1089 1177 videatur
1118 1137 1248 1177 esse
1276 1116 1436 1176 utile.
1524 1114 1686 1190 Quid
1715 1113 1933 1191 igitur?
1973 1132 2370 1192 possumusne
2397 1127 2426 1182 5

369 1226 469 1273 aut
513 1213 678 1272 illum
722 1214 982 1274 Marium
1025 1214 1214 1275 virum
1258 1216 1484 1274 bonum
1527 1210 1787 1272 iudicare
1829 1223 1931 1271 aut
1969 1212 2171 1271 hunc?
2255 1212 2367 1270 Ex·

368 1309 524 1387 plica
562 1322 738 1387 atque
779 1322 986 1371 excute
1026 1310 1492 1387 intellegentiam
1533 1320 1716 1380 tuam,
1759 1320 1823 1367 ut
1860 1307 2066 1368 videas
2104 1327 2259 1385 quae
2297 1307 2370 1368 sit

370 1407 430 1466 in
483 1427 553 1466 ea
605 1405 884 1489 [species]
935 1409 1124 1468 forma
1173 1418 1233 1468 et
1283 1408 1450 1468 notio
1499 1406 1604 1466 viri
1653 1406 1817 1485 boni..
1903 1407 2083 1467 Cadit
2125 1425 2265 1483 ergo
2309 1406 2370 1464 in

370 1504 555 1565 virum
589 1510 810 1566 bonurn
842 1506 1076 1567 mentiri
1105 1506 1492 1567 emolumenti
1524 1506 1615 1565 sui
1645 1526 1838 1577 causa,
1871 1505 2181 1578 criminari,
2212 1524 2372 1583 prae-

369 1604 574 1682 ripere,
607 1604 850 1665 fallere?
933 1604 1098 1664 Nihil
1127 1606 1400 1682 profecto
1429 1603 1640 1664 minus.
2407 1616 2465 1652 10

436 1753 539 1802 The
569 1752 822 1801 character
849 1752 912 1816 of
923 1753 1155 1815 gvodness
1183 1752 1293 1800 and
1319 1751 1559 1814 integrity
1592 1751 1637 1799 is
1668 1751 1826 1799 worth
1858 1750 1936 1799 all
1961 1750 2101 1798 otker
2128 1750 2314 1814 things.

493 1864 585 1919 82.
675 1863 783 1920 Est
822 1880 961 1937 ergo
999 1862 1118 1920 ulla
1156 1879 1247 1919 res
1286 1858 1434 1919 tanti
1472 1871 1574 1919 aut
1613 1860 2002 1920 commodum
2032 1860 2219 1919 ullum
2249 1870 2368 1919 tam

371 1960 790 2037 expetendum,
823 1969 888 2018 ut
924 1957 1032 2018 viri
1069 1957 1216 2019 boni
1253 1968 1313 2018 et
1348 1957 1728 2036 splendorem
1758 1967 1819 2018 et
1847 1977 2069 2018 nomen
2097 1956 2375 2018 amittas?

372 2057 537 2133 Quid
586 2068 676 2117 est
724 2057 888 2133 quod
936 2056 1166 2116 adferre
1215 2066 1445 2116 tantum
1496 2054 1717 2115 utilitas
1766 2054 1896 2128 ista,
1940 2074 2096 2131 quae
2141 2055 2369 2129 dicitur,

370 2152 573 2230 possit,
605 2164 894 2230 quantum
927 2153 1172 2223 auferre,
1204 2151 1253 2211 si
1290 2152 1435 2212 boni
1476 2151 1581 2211 viri
1611 2170 1835 2212 nomen
1865 2152 2159 2228 eripuerit,
2192 2153 2372 2214 fidem

372 2249 773 2327 iustitiamque
837 2249 1193 2311 detraxerit?
1304 2250 1470 2325 Quid
1527 2250 1686 2309 enim
1745 2250 1988 2310 interest
2046 2261 2241 2309 utrum
2299 2269 2374 2309 ex
2406 2268 2466 2322 15

371 2348 614 2408 homine
668 2368 732 2408 se
788 2358 1093 2407 convertat
1142 2345 1275 2423 quis
1332 2347 1395 2406 in
1451 2348 1690 2407 beluam
1746 2367 1824 2407 an
1880 2347 2141 2408 hominis
2190 2350 2373 2425 figura

370 2443 782 2505 inmanitatem
811 2456 975 2522 gerat
1003 2445 1257 2507 beluae?

382 2596 482 2643 The
506 2595 616 2642 real
638 2593 1015 2656 disadvantages
1042 2601 1090 2642 to
1117 2610 1151 2641 a
1180 2610 1301 2643 man
1330 2594 1543 2659 himseff
1561 2611 1619 2642 as
1646 2596 1765 2643 well
1779 2611 1837 2643 as
1857 2601 1904 2644 to
1932 2596 2094 2644 otlzers
2121 2597 2182 2661 os
2202 2598 2379 2645 Power

499 2674 738 2738 acquired
766 2674 826 2736 by
858 2674 1197 2740 unjustffiable
1235 2691 1406 2723 means
1441 2677 1606 2724 shcwn
1645 2676 1703 2723 in
1742 2677 1821 2724 the
1857 2677 2078 2725 instance
2113 2677 2176 2741 of
2205 2677 2377 2726 Iulius

505 2756 703 2805 Caesar.

214 2885 345 2934 XXI
495 2861 702 2938 Quid?
742 2861 845 2937 qui
875 2860 1075 2920 omnia
1102 2872 1263 2922 recta
1292 2875 1352 2922 et
1380 2864 1632 2923 honesta
1662 2865 1999 2941 neglegunt,
2023 2865 2167 2924 dum
2190 2868 2375 2926 modo

373 2960 763 3038 potentiam
803 2969 1259 3035 consequantur,
1293 2979 1496 3020 nonne
1531 2960 1690 3022 idem
1726 2953 1948 3021 faciunt
1979 2963 2145 3039 quod
2174 2961 2240 3038 is,
2272 2963 2375 3040 qui

372 3064 551 3124 etiam
579 3082 848 3123 socerum
879 3062 1098 3122 habere
1125 3062 1313 3122 voluit
1342 3082 1501 3136 eum,
1532 3063 1699 3124 cuius
1728 3064 1855 3143 ipse
1883 3065 2133 3125 audacia
2160 3079 2375 3145 potens
2402 3088 2479 3125 20

374 3162 573 3221 esset?
656 3160 822 3220 Utile
860 3158 915 3219 ei
954 3159 1267 3220 videbatur
1301 3160 1618 3238 plurimum
1658 3181 1836 3239 posse
1864 3163 2102 3223 alterius
2133 3164 2372 3224 invidia.

376 3259 451 3318 Id
473 3277 655 3334 quam
684 3255 966 3315 iniustum
987 3254 1049 3313 in
1071 3255 1318 3333 patriam
1346 3268 1405 3315 et
1434 3276 1612 3333 quam
1638 3268 1807 3335 turpe
1830 3255 1916 3339 [et
1937 3277 2120 3335 quam
2144 3258 2376 3342 inutile]

374 3368 528 3417 esset
555 3375 680 3415 non
706 3355 963 3413 videbat.

471 3490 501 3536 8
527 3495 621 3537 aut
639 3487 829 3551 species
850 3492 944 3535 aut
963 3486 1122 3534 forma
1142 3487 1418 3536 eiciendum
1439 3502 1535 3535 esse
1556 3488 1722 3536 docuit
1742 3488 1961 3553 Madvig
1982 3490 2156 3553 Opusc.
2173 3490 2329 3538 Acad.
2349 3490 2386 3537 I

361 3577 418 3634 p.
461 3584 573 3633 337,
607 3569 767 3617 forma
797 3569 1100 3616 secluserunt
1130 3569 1214 3617 Ba
1248 3570 1350 3625 Lu,
1385 3567 1574 3633 species
1608 3569 1758 3618 Klotz
1793 3571 1895 3619 Mu
1960 3575 1981 3630 ΙΙ
2050 3585 2108 3620 22
2148 3572 2296 3620 verba
2327 3579 2379 3621 et
