2685 3938
2235 50 2306 77 χ

310 205 410 261 111
444 221 518 262 111
554 199 653 284 14]
951 207 1047 264 De
1087 208 1423 266 Honestatis
1464 206 1683 265 natur-'a
2281 222 2309 280 5
2339 206 2358 253 1

307 385 475 451 parte
521 377 817 435 collocata
854 375 954 435 vix
989 377 1223 437 minimi
1266 380 1557 439 momenti
1602 377 1787 438 instar
1830 379 2108 450 habeant,
2150 376 2318 437 dubi-

310 476 558 535 tandum
589 495 714 535 non
744 486 833 536 est
861 476 1008 553 quin
1037 497 1364 554 numquam
1396 477 1582 557 possit
1604 477 1826 537 utilitas
1846 497 1984 537 cum
2005 466 2317 536 honestaie

311 574 692 634 contendere.
779 576 992 651 Itaque
1039 574 1378 654 accepimus
1425 577 1730 636 Socratem
1776 574 2033 635 execrari
2077 573 2318 635 solitum

311 690 433 743 θος,
490 666 595 746 qui
649 668 902 746 primum
961 672 1109 732 haec
1163 681 1375 731 natura
1429 670 1809 731 cohaerentia
1865 670 2150 750 opinione
2205 670 2319 729 dis-

312 767 642 829 traxissent.
728 768 844 828 Cui
881 768 1127 844 quidem
1167 769 1251 828 ita
1289 780 1428 828 sunt
1466 768 1650 829 Stoici
1678 768 1918 842 assensi,
1950 780 2018 845 ut
2043 779 2119 841 et,
2152 767 2320 845 quid·
2346 787 2373 840 5

314 864 460 942 quid
513 866 832 925 honestum
891 877 1064 940 esset,
1122 867 1185 927 id
1240 866 1387 926 utile
1443 885 1573 927 esse
1629 879 1939 926 censerent
1999 886 2113 926 nec
2177 864 2320 924 utile

315 961 656 1040 quicquam,
714 966 881 1042 quod
936 984 1061 1024 non
1114 965 1453 1024 honestum.
1548 985 1637 1023 12.
1719 965 1902 1040 Quod
1957 964 2007 1024 si
2061 965 2109 1024 is
2167 975 2320 1024 esset

316 1061 650 1135 PanaetiuS,
694 1063 799 1139 qui
838 1062 1115 1123 virtutem
1157 1074 1470 1142 propterea
1512 1064 1827 1124 colendam
1870 1063 2109 1137 diceret,
2155 1064 2322 1140 quod

318 1178 387 1217 ea
435 1158 696 1219 efficiens
744 1159 1011 1220 utilitatis
1061 1171 1233 1233 esset,
1280 1166 1351 1220 'ut
1402 1160 1475 1235 ei,
1522 1159 1626 1237 qui
1677 1180 1768 1221 res
1818 1162 2180 1240 expetendas
2228 1162 2322 1219 vel

316 1258 618 1334 voluptate
663 1260 761 1319 vel
809 1257 1141 1319 indolentia
1189 1259 1528 1331 metiuntur,
1576 1258 1781 1319 liceret
1829 1258 1884 1319 ei
1934 1259 2130 1319 dicere
2174 1258 2321 1318 utili·
2354 1282 2412 1317 10

319 1366 498 1414 tatem
538 1356 861 1432 aliquando
900 1377 1039 1417 cum
1080 1358 1395 1417 honestate
1434 1376 1711 1435 pugnare.
1801 1358 1918 1417 Sed
1964 1376 2103 1417 cum
2143 1356 2216 1416 sit
2253 1356 2319 1430 is,

319 1452 421 1529 qui
449 1451 511 1512 id
540 1454 732 1513 solum
761 1455 988 1514 bonum
1022 1453 1261 1527 iudicet,
1286 1456 1452 1531 quod
1475 1457 1789 1515 honestum
1822 1453 1911 1524 sit,
1942 1474 2094 1531 quae
2123 1465 2322 1514 autem

317 1550 458 1610 huic
494 1562 828 1628 repugnent
872 1550 1070 1628 specie
1116 1546 1379 1628 quadam
1425 1550 1693 1611 utilitatis
1738 1571 1943 1612 eorum
1992 1571 2188 1625 neque
2234 1570 2324 1609 ac-

319 1647 589 1709 cessione
626 1648 935 1709 meliorem
974 1649 1156 1709 vitam
1195 1649 1319 1709 fieri
1361 1669 1473 1710 nec
1511 1647 1861 1708 decessione
1888 1647 2169 1725 peiorem,
2200 1667 2325 1708 non

318 1744 553 1806 videtur
590 1746 867 1807 debuisse
913 1747 1039 1807 eius
1086 1747 1251 1806 modi
1297 1746 1785 1807 deliberationem
1829 1745 2220 1818 introducere,
2261 1745 2324 1804 in
2356 1763 2413 1816 15

320 1863 457 1919 qua,
506 1845 672 1920 quod
728 1845 872 1905 utile
925 1845 1241 1917 videretur,
1291 1865 1426 1905 cum
1487 1863 1579 1915 e0,
1625 1845 1789 1920 quod
1844 1846 2160 1904 honestum
2218 1856 2322 1915 est,

320 1952 769 2019 compararetur.
851 1961 940 2018 13.
1001 1941 1238 2003 Etenim
1269 1943 1434 2019 quod
1463 1960 1762 2001 summum
1793 1941 2020 2001 bonum
2050 1962 2086 2001 a
2114 1940 2327 2003 Stoicis

321 2038 552 2111 dicitur,
597 2039 1112 2100 convenienter
1161 2050 1454 2098 naturae
1504 2038 1769 2109 vivere,
1813 2039 1876 2098 id
1926 2041 2105 2098 habet
2153 2041 2327 2110 hanc,

320 2145 387 2194 ut
416 2136 644 2214 opinor,
677 2137 1064 2197 sententiam:
1101 2157 1236 2196 cum
1259 2135 1473 2197 virtute
1502 2155 1825 2213 congruere
1855 2155 2106 2212 semper,
2134 2147 2330 2197 cetera

321 2242 538 2307 autem,
591 2252 744 2310 quae
794 2236 1124 2295 secundum
1173 2247 1445 2294 naturam
1496 2247 1709 2306 essent,
1761 2233 1843 2294 ita
1892 2237 2103 2310 legere,
2156 2234 2203 2293 si
2260 2254 2331 2294 ea
2356 2255 2420 2291 20

274 2378 288 2395 .
321 2328 522 2389 virtuti
559 2351 680 2391 non
721 2343 1129 2410 repugnarent.
1220 2333 1405 2407 Quod
1444 2352 1581 2393 cum
1611 2330 1694 2392 ita
1723 2331 1812 2400 sit,
1844 2342 2058 2408 putant
2085 2330 2328 2404 quidam

323 2426 481 2485 hanc
509 2430 1017 2507 comparationem
1047 2449 1169 2488 non
1198 2441 1358 2490 recte
1386 2429 1791 2489 introductam
1818 2447 1931 2487 nee
1968 2428 2213 2488 omnino
2253 2430 2330 2490 de

324 2544 400 2585 eo
429 2545 643 2602 genere
673 2526 993 2604 quicquam
1026 2527 1513 2605 praecipiendum
1542 2527 1734 2587 fuisse.

454 2686 675 2734 whether
700 2686 812 2734 that
837 2685 900 2749 of
919 2686 1000 2733 the
1026 2684 1220 2746 hzgkest
1237 2684 1403 2746 degree
1424 2684 1584 2733 which
1613 2685 1659 2732 is
1680 2684 1760 2731 the
1780 2684 2025 2733 exclusive
2045 2684 2264 2749 heritage
2283 2686 2346 2751 qf

455 2768 537 2817 tlte
548 2768 786 2833 perfect&
804 2768 921 2817 wisc
942 2782 1080 2822 man,

420 2823 465 2899 s

455 2888 655 2962 Atque
699 2885 848 2944 illud
898 2883 1138 2961 quidem
1196 2886 1533 2956 honestum,
1581 2885 1746 2961 quod
1790 2884 2025 2962 proprie
2081 2901 2334 2960 vereque

327 2984 557 3054 dicitur,
606 2982 667 3043 id
713 2983 775 3042 in
815 2981 1183 3060 sapientibus
1229 2992 1318 3040 est
1367 2979 1506 3040 solis
1552 3000 1745 3057 neque
1796 3002 1832 3040 a
1876 2981 2088 3041 virtute
2137 2980 2335 3041 divelli
2364 2991 2424 3042 25

326 3101 615 3159 umquam
654 3091 866 3159 potest.
955 3082 1028 3139 In
1058 3078 1142 3138 eis
1171 3090 1392 3146 autem,
1422 3076 1484 3136 in
1515 3077 1728 3153 quibus
1758 3078 2047 3156 sapientia
2076 3080 2338 3188 perfecta

326 3197 454 3237 non
474 3189 580 3250 est,
606 3177 801 3254 ipsum
826 3177 973 3237 illud
996 3176 1241 3252 quidem
1264 3177 1594 3254 perfectum
1613 3177 1931 3236 honestum
1950 3179 2115 3236 nullo
2135 3145 2334 3246 mod0,

328 3272 744 3334 similitudines
779 3272 1019 3333 honesti
1053 3292 1182 3332 esse
1226 3282 1491 3349 possunt.
1575 3290 1661 3343 14.
1724 3275 1898 3332 Haec
1932 3272 2093 3332 enim
2124 3271 2335 3344 officia,

271 3367 278 3374 ’
328 3375 406 3433 de
464 3372 680 3450 quibus
736 3371 829 3431 his
885 3371 1048 3431 libris
1092 3370 1482 3448 disputamuS‚
1529 3370 1726 3429 media
1769 3369 1954 3430 Stoici
1996 3372 2300 3448 appellant
2322 3391 2340 3444 ;

383 3528 442 3580 16
461 3529 727 3579 honestum
749 3539 877 3579 esset
893 3531 977 3578 Ba
990 3531 1073 3578 Lu
1094 3546 1204 3578 cum
1228 3530 1323 3577 cod.
1352 3546 1377 3577 c
1465 3544 1526 3590 24
1549 3528 1685 3591 atqui
1704 3527 1977 3575 Fleckeisen
1991 3527 2157 3575 Heine
2176 3525 2293 3573 .llu¹

2411 390 2420 401 ,
2585 386 2660 393 ,-.
