2685 3938
328 255 432 313 III
464 272 605 313 xxn
638 253 742 336 88]
786 259 882 314 De
921 259 1266 316 contentione
1325 259 1566 317 Honesti
1597 266 1650 316 et
1707 260 1882 319 Utilis
2258 277 2336 335 39

325 421 582 483 Fabricii
619 423 794 501 eique
834 438 923 486 est
960 425 1276 503 pollicituS‚
1309 425 1359 485 si
1397 425 1731 504 praemium
1770 426 1883 487 sibi
1911 429 2331 506 proposuisset,

322 542 406 595 se,
452 533 519 581 ut
573 524 728 583 clam
775 523 1049 595 venisset,
1095 524 1181 583 sic
1224 525 1378 583 clam
1423 523 1481 583 in
1530 523 1733 600 Pyrrhi
1776 537 1964 585 castra
2006 526 2331 585 rediturum

323 631 385 680 et
426 640 563 681 eum
609 641 845 683 veneno
888 632 1251 682 necaturum.
1344 625 1529 681 Hunc
1575 621 1878 682 Fabricius
1920 625 2330 684 reducendum

321 716 547 778 curavit
588 720 667 779 ad
710 721 996 797 Pyrrhum
1040 717 1224 796 idque
1269 718 1394 779 eius
1437 720 1657 778 sactum
1703 720 2006 780 laudatum
2048 741 2084 780 a
2120 732 2329 780 senatu

321 828 427 876 est.
516 817 720 894 Atqui,
762 817 810 877 si
853 818 1115 895 speciem
1159 816 1429 878 utilitatis
1469 816 1935 896 opinionemque
1975 819 2328 896 quaerimus,
2361 840 2389 894 5

321 933 604 991 magnum
644 914 791 975 illud
829 916 1052 976 bellum
1094 917 1336 993 perfuga
1374 935 1526 976 unus
1566 927 1625 977 et
1659 937 1896 993 gravem
1931 915 2327 978 adversarium

319 1010 529 1090 imperi
557 1012 902 1086 sustulisset,
928 1015 1036 1074 sed
1064 1033 1347 1093 magnum
1378 1015 1643 1074 dedecus
1674 1026 1732 1074 et
1756 1013 2060 1091 flagitium,
2086 1011 2324 1090 quicum

321 1109 513 1170 laudis
554 1122 854 1171 certamen
897 1111 1120 1185 fuisset,
1161 1131 1299 1171 eum
1339 1132 1463 1172 non
1504 1111 1715 1173 virtute
1755 1115 1863 1172 sed
1901 1116 2121 1173 scelere
2161 1133 2326 1189 supe-

318 1219 526 1268 ratum.
629 1213 720 1282 87.
798 1211 1017 1270 Utrum
1056 1209 1230 1286 igitur
1267 1209 1466 1269 utilius
1506 1211 1598 1270 vel
1641 1209 1931 1282 Fabrici0‚
1963 1209 2064 1286 qui
2103 1209 2235 1269 talis
2265 1208 2324 1268 in

318 1305 433 1365 hac
474 1307 619 1365 urbe
661 1305 851 1381 qualis
894 1299 1181 1366 Aristides
1226 1306 1480 1365 Athenis
1522 1307 1648 1378 fuit,
1693 1308 1787 1366 vel
1830 1307 2057 1366 senatui
2103 1318 2324 1377 nostrO,
2359 1335 2419 1370 10

319 1403 423 1480 qui
476 1423 805 1480 numquam
854 1404 1170 1465 utilitatem
1220 1426 1257 1464 a
1305 1404 1594 1481 dignitate
1642 1403 1915 1474 seiunxit,
1962 1405 2139 1464 armis
2187 1423 2324 1462 cum

318 1499 492 1559 hoste
529 1511 752 1561 certare
785 1520 864 1561 an
894 1499 1181 1561 venenis?
1265 1500 1325 1562 Si
1355 1500 1576 1578 gloriae
1604 1520 1784 1560 causa
1814 1501 2127 1579 imperium
2157 1521 2326 1579 expe-

319 1598 567 1657 tendum
608 1607 716 1671 est,
746 1599 939 1658 scelus
978 1598 1150 1672 absit,
1181 1597 1243 1657 in
1282 1617 1403 1675 quo
1434 1619 1552 1659 non
1584 1608 1781 1676 potest
1811 1618 1941 1657 esse
1969 1598 2190 1675 gloria:
2232 1598 2324 1657 sin

317 1694 482 1774 ipsae
531 1716 676 1774 opes
721 1708 1077 1775 expetuntur
1124 1716 1372 1775 quoquo
1415 1699 1617 1768 mode,
1662 1716 1787 1756 non
1829 1707 2109 1774 poterunt
2151 1695 2324 1756 utiles

317 1812 450 1853 esse
478 1813 618 1852 cum
647 1793 904 1854 infamia.
2358 1817 2415 1869 15

375 1953 437 1993 11.
510 1944 632 1993 Case
666 1944 729 2009 of
753 1936 818 1994 L'.
857 1945 1130 2009 Philippus
1164 1947 1223 1995 in
1255 1947 1335 1996 tlte
1369 1953 1553 1996 matter
1581 1946 1643 2011 qf
1664 1947 1744 1996 tlze
1777 1953 1933 1995 towns
1962 1945 2316 2011 enfranchised

1006 2037 1011 2042 “
1193 2033 1253 2094 by
1286 2034 1447 2082 Sulla.

440 2135 583 2194 Non
626 2133 797 2211 igitur
841 2134 1000 2195 utilis
1043 2136 1146 2194 illa
1189 2138 1254 2194 L.
1302 2134 1559 2215 Philippi
1605 2138 1678 2211 Q.
1721 2138 1758 2195 f.
1801 2134 2128 2196 sententia:
2172 2155 2321 2213 quas

316 2231 584 2293 civitates
623 2235 689 2293 L.
726 2235 884 2293 Sulla
923 2233 1180 2311 pecunia
1213 2246 1464 2313 accepta
1498 2254 1571 2295 ex
1605 2246 1844 2294 senatus
1880 2235 2154 2294 consulto
2183 2234 2323 2294 libe-

314 2327 577 2403 ravisset,
608 2339 674 2389 ut
713 2350 818 2391 eae
847 2350 1045 2390 rursus
1076 2329 1392 2407 vectigales
1422 2343 1620 2392 essent
1648 2351 1843 2408 neque
1872 2330 1956 2391 eis
1984 2330 2318 2409 pecuniam,

316 2446 498 2502 quam
540 2446 651 2505 pro
692 2426 962 2487 libertate
1005 2429 1310 2501 dederant,
1351 2429 1750 2489 redderemus.
1841 2427 1914 2487 Ei
1952 2439 2192 2488 senatus
2233 2440 2320 2488 est

314 2546 607 2587 assensus.
700 2529 903 2605 Turpe
958 2526 1245 2605 imperio!
1315 2529 1636 2607 piratarum
1692 2528 1850 2587 enim
1910 2527 2118 2587 melior
2171 2528 2319 2588 fides
2350 2551 2413 2587 20

315 2643 495 2701 quam
538 2635 792 2685 senatus.
884 2628 998 2684 ‘At
1036 2636 1211 2686 aucta
1246 2625 1574 2702 vectigalia,
1615 2624 1759 2685 utile
1796 2622 2008 2702 igitur.'
2091 2625 2320 2701 Quous-

313 2740 432 2797 que
469 2722 777 2781 audebunt
815 2721 1013 2783 dicere
1053 2722 1372 2801 quicquam
1412 2723 1573 2796 utile,
1605 2723 1771 2799 quod
1807 2742 1924 2781 non
1957 2724 2320 2782 honestum?

315 2821 408 2877 88.
496 2821 701 2880 Potest
743 2830 943 2881 autem
986 2820 1091 2879 ulli
1133 2820 1400 2898 irnperi0,
1447 2821 1611 2897 quod
1651 2820 1839 2897 gloria
1881 2820 2060 2880 debet
2107 2821 2319 2880 fultum

313 2932 444 2974 esse
473 2926 532 2975 et
561 2915 982 2975 benevolentia
1010 2915 1323 2988 sociorum,
1357 2915 1502 2977 utile
1531 2935 1661 2976 esse
1689 2916 1894 2976 odium
1926 2927 1985 2975 et
2014 2914 2300 2975 infamia?

315 3074 402 3111 111.
469 3064 596 3112 Case-
620 3063 683 3128 qf
702 3053 834 3113 Cato*
854 3064 913 3112 in
946 3064 1026 3112 the
1057 3070 1242 3112 matter
1269 3064 1332 3128 of
1352 3065 1432 3112 tlte
1449 3064 1678 3128 sarmers
1708 3065 1770 3128 qs
1788 3065 1870 3113 the
1892 3065 2065 3128 public
2096 3079 2319 3112 ravenue.

436 3173 568 3258 Ego
624 3170 802 3231 etiam
860 3192 998 3231 cum
1057 3174 1290 3234 Catone
1349 3191 1487 3231 meo
1538 3191 1717 3250 saepe
1767 3170 2037 3232 dissensi.
2127 3168 2320 3230 Nimis
2351 3192 2411 3246 25

313 3267 458 3327 mihi
495 3270 821 3346 praefracte
860 3271 1169 3330 videbatur
1201 3269 1489 3330 aerarium
1521 3269 1950 3347 vectigaliaque
1981 3269 2316 3340 defendere,

312 3363 515 3423 omnia
552 3365 885 3442 publicanis
923 3385 1156 3443 negare,
1189 3367 1378 3426 multa
1413 3366 1608 3437 sociiS,
1640 3386 1777 3426 cum
1816 3366 1877 3425 in
1918 3368 2028 3425 bos
2068 3363 2319 3424 benefici

311 3480 443 3521 csse
482 3461 850 3538 deberemUS‚
889 3483 1022 3523 cum
1063 3461 1179 3522 illis
1213 3462 1298 3522 sic
1337 3481 1528 3539 agere,
1567 3474 1631 3521 ut
1666 3482 1803 3521 cum
1837 3459 2066 3520 colonis
2106 3459 2319 3520 nostris

880 3601 906 3634 2
940 3585 1156 3633 alterum
1183 3583 1313 3632 clam
1335 3582 1429 3631 del.
1460 3583 1661 3631 Cobetus
1683 3583 1764 3629 Ba
