2685 3938
350 211 425 250 10
766 236 771 241 .
816 193 913 249 De
951 193 1291 250 contentione
1332 168 1587 251 *Honesti
1617 200 1675 251 et
1719 194 1893 252 Utilis
2044 192 2172 273 [ΙΙΙ
2204 214 2241 252 v
2275 216 2349 269 24

344 387 590 448 Secondly,
617 387 662 435 it
689 387 734 436 is
762 404 894 437 more
924 389 1173 452 becoming
1187 389 1267 437 the
1289 390 1487 453 dignity
1506 390 1569 455 ῳ(
1589 389 1749 438 man's
1771 397 1952 438 nature
1974 396 2021 438 to
2034 389 2249 453 pracli&
2270 388 2353 438 the

472 469 678 526 virtues,
702 470 866 518 which
888 486 975 519 are
995 471 1077 519 the
1098 471 1227 518 basis
1248 471 1310 535 qs
1318 472 1513 519 human
1533 472 1720 534 society,
1749 472 1857 519 and
1873 477 1921 519 to
1938 477 2204 519 encounter
2222 471 2354 519 risks

458 552 555 615 for
579 552 661 600 the
688 554 801 602 sake
828 554 896 618 qf
910 554 1087 614 others,
1113 555 1239 602 than
1268 561 1317 603 to
1344 555 1449 603 seek
1470 560 1518 603 to
1542 555 1602 602 do
1621 553 1895 617 wrongfor
1912 555 1993 602 the
2013 554 2125 602 sake
2143 553 2210 618 qf
2224 570 2352 603 some

472 636 705 683 external
718 636 1007 700 advantage.

468 745 665 816 Atque
687 742 804 802 hoc
831 744 1020 801 multo
1051 743 1239 820 magis
1269 743 1448 804 efficit
1471 743 1599 822 ipsa
1622 753 1864 802 naturae
1889 743 2054 814 ratio,
2077 762 2232 819 quae
2261 757 2350 806 est

345 840 439 898 lex
477 838 677 898 divina
716 852 774 899 et
812 843 1110 901 humana:
1160 841 1256 902 cui
1293 862 1498 919 parere
1537 840 1640 917 qui
1677 841 2112 901 velit—omnes
2151 853 2348 901 autem

344 939 653 1014 parebunt,
685 938 787 1014 qui
826 940 1157 999 secundum
1196 952 1467 999 naturam
1506 940 1708 999 volent
1745 940 2349 1018 vivere—numquam

345 1033 678 1094 committet
716 1045 782 1094 ut
819 1033 1077 1094 alienum
1119 1045 1361 1113 appetat
1401 1046 1458 1095 et
1497 1033 1576 1107 id,
1614 1037 1776 1112 quod
1816 1037 1980 1097 alteri
2018 1036 2344 1109 detraxerit,

345 1131 459 1191 sibi
513 1135 803 1194 adsumat.
908 1154 1001 1207 24.
1088 1135 1326 1194 Etenim
1385 1137 1575 1194 multo
1632 1135 1818 1211 magis
1875 1147 1964 1198 est
2020 1138 2346 1198 secundum
2378 1159 2406 1212 5

345 1240 613 1290 naturam
667 1230 974 1291 excelsitas
1023 1232 1208 1292 animi
1257 1243 1315 1292 et
1366 1233 1715 1309 magnitudo
1765 1233 2029 1311 itemque
2079 1233 2346 1306 comitaS,

344 1327 585 1401 iustitia,
613 1329 932 1390 liberalitas
960 1350 1140 1407 quam
1170 1333 1462 1410 voluptaS,
1489 1352 1671 1409 quam
1701 1331 1838 1404 vita,
1871 1352 2052 1409 quam
2081 1331 2347 1392 divitiae:

347 1445 499 1502 quae
527 1426 768 1502 quidem
798 1439 1182 1489 contemnere
1211 1441 1270 1489 et
1300 1449 1409 1506 pro
1439 1427 1624 1489 nihilo
1654 1430 1872 1490 ducere
1899 1443 2347 1507 comparantem

349 1543 486 1583 cum
517 1524 769 1584 utilitate
797 1526 1103 1586 communi
1139 1526 1336 1604 magni
1367 1526 1552 1587 animi
1580 1537 1640 1587 et
1669 1526 1887 1587 excelsi
1924 1538 2028 1588 est.
2118 1525 2349 1608 [Detra-

346 1622 485 1681 here
523 1633 722 1682 autem
763 1625 839 1684 de
876 1626 1062 1685 altero
1101 1625 1192 1685 sui
1231 1625 1539 1686 commodi
1577 1645 1757 1685 causa
1796 1623 1981 1701 magis
2022 1637 2111 1685 est
2140 1637 2349 1686 contra
2381 1648 2443 1682 10

348 1721 616 1778 naturam
674 1741 854 1797 quam
914 1743 1088 1796 morS,
1144 1744 1322 1801 quam
1381 1724 1570 1796 dolor,
1630 1743 1811 1800 quam
1867 1734 2065 1782 cetera
2119 1723 2349 1799 generis

349 1816 663 1900 eiusdem]
757 1842 786 1878 2
797 1838 848 1897 5.
911 1824 1185 1899 Itemque
1214 1822 1400 1899 magis
1437 1832 1527 1882 est
1566 1821 1893 1880 secundum
1935 1832 2204 1880 naturam
2242 1818 2349 1900 pro

348 1915 623 1976 omnibus
651 1917 946 1994 gentibuS,
988 1918 1040 1979 si
1075 1919 1200 1980 fieri
1237 1919 1441 1998 possit,
1483 1917 1905 1980 conservandis
1942 1930 2042 1978 aut
2080 1917 2349 1980 iuvandis

348 2014 638 2076 maximos
661 2019 890 2077 labores
913 2018 1330 2095 molestiasque
1351 2017 1646 2096 suscipere
1664 2016 1997 2077 imitantem
2024 2019 2345 2077 Herculem

346 2112 529 2185 illum,
562 2133 739 2190 quem
769 2114 1080 2174 hominum
1110 2118 1266 2175 fama
1294 2114 1717 2175 beneficiorum
1750 2134 1977 2173 memor
2006 2114 2066 2173 in
2095 2114 2351 2174 concilio
2383 2133 2439 2186 15

349 2213 691 2272 caelestium
731 2213 1058 2287 collocavit,
1092 2235 1272 2292 quam
1310 2213 1507 2273 vivere
1546 2211 1607 2271 in
1647 2212 1980 2293 solitudinex
2004 2232 2124 2272 non
2166 2212 2350 2271 modo

350 2309 477 2370 sine
506 2311 638 2371 ullis
668 2314 954 2373 molestiis
985 2314 1089 2374 sed
1121 2313 1300 2373 etiam
1330 2311 1392 2371 in
1422 2310 1691 2371 maximis
1722 2311 2124 2389 voluptatibus
2162 2312 2348 2370 abun-

348 2410 590 2469 dantem
632 2413 909 2473 omnibus
949 2412 1153 2491 copiiS‚
1195 2423 1261 2472 ut
1298 2413 1552 2471 excellas
1591 2410 1770 2470 etiam
1809 2408 2246 2488 pulchritudine
2292 2418 2351 2468 et

350 2508 583 2567 viribus.
652 2509 949 2585 Quocirca
978 2509 1206 2587 optimo
1232 2508 1487 2586 quisque
1515 2519 1575 2569 et
1603 2506 2084 2586 splendidissimo
2112 2506 2350 2584 ingenio

353 2606 528 2680 longe
557 2605 717 2664 illam
739 2606 921 2665 vitam
951 2606 1088 2667 huic
1106 2606 1431 2685 anteponit.
1500 2608 1592 2666 Ex
1619 2625 1741 2682 quo
1772 2604 2018 2665 efficitur
2045 2603 2348 2664 hominem
2377 2628 2443 2663 20

352 2714 595 2763 naturae
625 2704 1045 2764 oboedientem
1076 2705 1303 2765 homini
1334 2725 1549 2764 nocere
1580 2725 1702 2763 non
1732 2724 1923 2782 posse.

352 2850 433 2897 He
462 2849 573 2897 who
601 2856 702 2898 acts
730 2866 793 2897 on
822 2850 1028 2913 opposite
1048 2850 1325 2913 principles
1353 2855 1489 2897 must
1516 2849 1567 2897 be
1587 2848 1749 2897 either
1766 2847 1943 2896 devoid
1963 2847 2025 2911 qs
2045 2847 2209 2895 moral
2224 2863 2354 2896 sense

1145 2950 1206 2981 or
1221 2933 1314 2981 else
1334 2932 1553 2980 deluded.

479 3041 567 3096 26.
630 3039 886 3113 Deinde,
918 3039 1021 3116 qui
1049 3039 1300 3098 alterum
1328 3036 1527 3109 violat,
1553 3047 1617 3096 ut
1646 3035 1772 3114 ipse
1800 3033 2023 3112 aliquid
2051 3034 2355 3095 commodi

356 3150 767 3214 consequatur,
793 3150 895 3198 aut
924 3139 1068 3197 nihil
1099 3137 1395 3198 existimat
1418 3157 1481 3196 se
1504 3139 1695 3195 facere
1724 3149 1932 3196 contra
1962 3148 2229 3195 naturam
2253 3146 2354 3193 aut

452 3281 483 3331 6
517 3279 844 3329 communitas
875 3280 923 3327 Z
947 3279 1048 3327 alii
1066 3294 1177 3326 cum
1209 3276 1472 3325 nonnullis
1501 3277 1648 3333 codd„
1677 3277 1737 3340 cs.
1776 3278 1803 3335 ἓ
1836 3276 1925 3324 118
1971 3279 1990 3333 ΙΙ
2042 3290 2101 3324 10
2134 3275 2355 3323 Heusin-

348 3378 497 3427 gerus
525 3369 691 3411 autem
722 3361 943 3410 mutavit
972 3361 1029 3408 in
1061 3372 1207 3423 ergo:
1243 3365 1400 3407 totum
1436 3358 1591 3406 locum
1622 3357 1881 3406 detrahere
1904 3355 2354 3406 autem...eiusdem

353 3445 551 3495 seclusit
580 3446 659 3494 Ba
689 3452 748 3492 ut
767 3459 792 3492 e
822 3445 848 3503 ἓ
882 3460 936 3492 21
967 3443 1268 3491 inculcatum
1285 3455 1303 3490 .·
1337 3442 1396 3489 in
1422 3440 1741 3503 suspitionem
1764 3447 2019 3488 vocaverat
2041 3440 2143 3487 iam
2170 3437 2356 3486 Faccio·

356 3526 490 3574 latus
