2685 3938
282 217 383 272 III
416 233 459 275 x
490 212 596 296 40]
740 217 837 275 De
876 219 1218 276 contentione
1256 220 1507 276 Honesti
1538 225 1592 276 et
1645 217 1823 277 Utilis
2225 234 2246 274 ῐ
2262 234 2290 287 7

279 385 477 461 potuit
508 387 725 447 videre.
814 387 911 448 Sic
951 380 1199 465 repente
1240 389 1404 448 anuli
1446 386 1740 448 beneficio
1781 406 1883 446 rex
1925 396 2161 445 exortus
2204 396 2296 445 est

280 482 523 559 Lydiae.
633 488 820 545 Hunc
876 485 1050 564 igitur
1104 486 1299 565 ipsum
1358 488 1604 547 anulum
1660 487 1710 546 si
1764 487 1981 546 habeat
2037 484 2289 563 sapienS‚

280 578 467 639 nihilo
505 582 640 657 plus
681 581 794 642 sibi
832 582 1009 643 licere
1048 594 1218 659 putet
1255 603 1525 661 peccare,
1558 602 1739 660 quam
1778 580 1827 642 si
1865 601 1989 641 non
2027 582 2288 641 haberet.

281 678 561 738 Honesta
589 679 752 739 enim
780 680 957 740 bonis
985 681 1140 753 viris,
1169 700 1294 740 non
1326 683 1561 741 occulta
1589 691 1962 757 quaeruntur.
2044 699 2140 755 39.
2191 681 2294 738 At·

279 781 403 855 que'
434 779 553 839 hoc
591 781 729 839 loco
769 779 1114 857 philosophi
1153 779 1418 856 quidam,
1462 777 1705 838 minime
1745 778 1889 838 mali
1924 777 2008 836 illi
2045 776 2289 854 quidem
2323 801 2350 856 5

279 876 388 936 sed
425 896 549 936 non
589 876 731 936 satis
770 877 945 951 acuti,
988 879 1188 937 fictam
1229 889 1288 936 et
1327 874 1811 937 commenticiam
1857 876 2119 935 fabulam
2163 895 2292 954 pro-

278 975 459 1033 latam
500 974 708 1035 dicunt
747 995 784 1034 a
823 976 1091 1046 Platone,
1136 973 1307 1049 quasi
1346 993 1485 1033 vero
1523 973 1621 1032 ille
1659 983 1762 1032 aut
1800 975 2020 1032 factum
2059 971 2122 1032 id
2160 991 2291 1032 esse

277 1083 381 1132 aut
430 1071 551 1132 fieri
601 1072 865 1149 potuisse
917 1074 1217 1133 defendat.
1307 1073 1483 1130 Haec
1532 1084 1622 1131 est
1666 1070 1753 1130 vis
1799 1070 1971 1130 huius
2021 1069 2183 1128 anuli
2231 1082 2291 1130 et

277 1169 449 1229 huius
500 1171 801 1248 exempli:
868 1170 917 1230 si
966 1188 1147 1229 nemo
1203 1167 1472 1240 sciturus,
1526 1187 1706 1228 nemo
1761 1185 1844 1227 nev
1894 1167 2290 1244 suspicaturus

278 1267 524 1344 quidem
563 1267 658 1339 sit,
690 1288 828 1327 cum
868 1266 1091 1343 aliquid
1131 1265 1468 1326 divitiarum
1509 1263 1827 1341 potentiae,
1864 1263 2289 1325 dominationis
2323 1288 2384 1325 10

277 1365 538 1425 libidinis
581 1385 762 1425 causa
803 1366 1025 1437 feceris,
1072 1363 1120 1423 si
1145 1363 1226 1426 jd
1270 1364 1363 1423 dis
1408 1361 1868 1439 hominibusque
1911 1364 2167 1421 futurum
2215 1362 2289 1422 sit

278 1482 515 1541 semper
565 1463 853 1540 ignotum,
907 1461 1063 1522 sisne
1112 1463 1415 1521 facturus?
1500 1463 1736 1536 Negant
1794 1460 1855 1518 id
1911 1460 2037 1519 fieri
2092 1479 2284 1537 posse.

277 1566 678 1639 Nequaquam
718 1573 916 1639 potest
959 1559 1023 1621 id
1065 1561 1327 1637 quidem.
1415 1560 1533 1621 Sed
1577 1578 1815 1635 quaero,
1861 1559 2026 1634 quod
2071 1572 2289 1636 negant

274 1680 472 1739 posse,
523 1659 586 1720 id
636 1660 685 1720 si
733 1673 951 1738 posset,
1008 1661 1296 1738 quidnam
1353 1661 1658 1719 facerent?
1742 1660 2016 1735 Urguent
2073 1658 2288 1719 rustice

274 1777 433 1818 sane.
527 1761 767 1834 Negant
805 1757 964 1817 enim
1002 1778 1180 1836 posse
1224 1771 1283 1819 et
1329 1757 1391 1816 in
1438 1777 1511 1817 eo
1557 1765 1842 1835 perstant,
1884 1758 2001 1816 hoc
2040 1759 2287 1817 verbum
2320 1781 2378 1834 15

273 1857 428 1935 quid·
467 1858 659 1917 valeat
704 1876 828 1915 non
873 1855 1096 1919 vident.
1185 1858 1342 1918 Cum
1390 1854 1548 1915 enim
1596 1852 1952 1931 quaerimus,
2002 1852 2051 1913 si
2095 1857 2287 1915 celare

271 1955 522 2032 possint,
555 1954 701 2033 quid
739 1955 949 2015 facturi
987 1954 1121 2027 sint,
1164 1975 1288 2014 non
1328 1953 1687 2031 quaerimuS,
1727 1952 2036 2030 possintne
2076 1955 2282 2028 celare,

271 2056 379 2115 sed
435 2066 743 2133 tamquam
809 2066 1106 2114 tormenta
1161 2055 1454 2132 quaedam
1523 2054 1897 2127 adhibemuS,
1959 2066 2041 2129 ut,
2099 2056 2149 2115 si
2202 2077 2287 2116 re-

272 2152 628 2231 sponderint
658 2173 721 2213 se
749 2152 1102 2231 impunitate
1140 2151 1446 2231 proposita
1484 2153 1743 2213 facturos
1782 2154 1950 2231 quod
1990 2154 2280 2230 expediat,

271 2251 639 2311 facinorosos
679 2271 742 2311 se
781 2270 910 2310 esse
948 2252 1241 2311 fateantur
1260 2273 1277 2324 3
1328 2251 1377 2310 si
1424 2263 1659 2330 negent,
1702 2250 1905 2311 omnia
1951 2252 2142 2329 turpia
2178 2272 2286 2330 per
2312 2278 2377 2314 20

272 2370 338 2410 se
377 2348 509 2428 ipsa
548 2349 827 2426 fugienda
868 2368 999 2409 esse
1040 2352 1393 2410 concedant.
1482 2352 1599 2412 Sed
1638 2349 1755 2410 iam
1796 2353 1875 2411 ad
1912 2352 2280 2429 propositum

270 2460 646 2509 revertamur.

279 2601 435 2650 Here
449 2615 536 2648 are
556 2614 683 2648 some
693 2598 998 2662 perplexing
1013 2599 1158 2647 Cases
1171 2598 1393 2647 wheret‘n
1414 2614 1528 2647 men
1550 2599 1712 2656 doubt,
1733 2599 1948 2648 whether
1965 2615 1998 2647 a
2018 2602 2284 2666 seemingly

720 2680 980 2742 expedient
997 2679 1161 2750 aaron
1181 2679 1234 2728 be
1254 2679 1469 2742 morally
1489 2679 1629 2742 right
1646 2695 1707 2727 or
1725 2686 1825 2728 not.

187 2805 240 2854 x
391 2810 488 2862 40.
578 2786 862 2848 Incidunt
919 2790 1142 2847 multae
1197 2806 1377 2864 saepe
1433 2806 1666 2860 causae,
1713 2809 1867 2865 quae
1923 2794 2279 2853 conturbent

267 2885 502 2947 animos
551 2884 818 2946 utilitatis
874 2885 1091 2962 specie,
1144 2905 1285 2957 non,
1337 2904 1476 2944 cum
1524 2886 1643 2945 hoc
1692 2888 2060 2962 deliberetur,
2113 2891 2279 2950 relin-

268 2982 586 3058 quendane
636 2980 710 3038 sit
765 2981 1046 3039 honestas
1103 2992 1348 3058 propter
1400 2978 1670 3040 utilitatis
1726 2983 2279 3060 magnitudinem—
2305 3012 2366 3063 25

267 3097 411 3137 nam
458 3076 522 3136 id
571 3075 814 3154 quidem
863 3075 1204 3154 improbum
1255 3087 1443 3152 est—-,
1496 3078 1606 3138 sed
1661 3078 1825 3152 illud,
1877 3082 2144 3159 possitne
2193 3083 2274 3156 id,

265 3176 434 3253 quod
462 3173 607 3234 utile
636 3173 919 3247 videatur,
951 3174 1075 3233 fieri
1106 3194 1228 3234 non
1260 3174 1522 3253 turpiter.

365 3315 394 3362 3
428 3298 588 3346 nihilo
617 3297 730 3361 plus
761 3298 845 3346 Ba
872 3297 1039 3346 Heine
1068 3298 1169 3346 Mu
1195 3313 1307 3346 cum
1338 3314 1440 3347 uno
1469 3300 1565 3348 cod.
1597 3316 1623 3348 c
1655 3303 1674 3357 ΙΙ
1708 3302 1855 3350 verba
1887 3318 2093 3367 peccare
2125 3320 2273 3369 quam

264 3383 308 3431 si
333 3397 437 3430 non
457 3381 667 3430 haberet
687 3380 995 3429 secluserunt
1022 3380 1107 3429 Ba
1127 3380 1213 3428 Lu
1234 3387 1431 3428 auctore
1453 3382 1717 3446 Madvzgio
1780 3387 1801 3442 ΙΙ
1874 3401 1930 3448 ¹3
1962 3401 2276 3450 nequaquam

263 3463 406 3512 Face.
433 3463 568 3510 Em.
597 3462 681 3510 Ba
711 3462 877 3512 Heine
895 3467 1012 3524 post
1030 3461 1351 3519 Manutium,
1380 3477 1682 3526 quamquam
1722 3463 1799 3512 Or
1828 3466 1890 3513 St
1922 3467 2000 3513 Zu
2034 3468 2133 3514 Mu
2164 3483 2275 3516 cum

264 3547 395 3595 codd.
468 3550 487 3603 ΙΙ
557 3562 619 3609 24
663 3545 963 3594 deliberetur
984 3546 1146 3608 vulgo,
1172 3544 1475 3592 deliberatur
1498 3545 1792 3603 Heumann,
1820 3547 1986 3594 Heine

430 3644 545 3689 cic.
579 3631 647 3686 de
680 3628 791 3704 Off
828 3646 916 3688 111.
2080 3648 2108 3683 2
