2685 3938
393 248 470 304 34
833 228 934 286 De
972 227 1314 285 contentione
1364 226 1608 284 Honesti
1646 233 1698 283 et
1751 225 1927 284 Utilis
2009 195 2137 305 [111
2171 241 2284 283 xlx
2317 223 2391 299 76

397 403 486 476 76.
575 403 657 459 At
693 419 852 473 vere,
885 398 934 459 si
974 398 1075 475 qui
1111 397 1363 481 voluerit
1400 396 1584 457 animi
1624 397 1712 457 sui
1752 395 2170 474 complicatam
2203 395 2393 457 notio·

393 518 531 559 nem
570 500 859 569 evolvere,
889 497 1007 556 iam
1047 517 1110 556 se
1150 495 1274 574 ipse
1313 498 1529 557 doceat
1568 515 1708 556 eum
1747 494 1935 555 virum
1976 499 2201 556 bonum
2243 514 2391 569 esse,

393 595 492 673 qui
556 594 743 675 prosit
807 593 1023 671 quibus
1086 593 1293 672 possit,
1350 603 1568 655 noceat
1631 591 1857 651 nemini
1923 593 2034 650 nisi
2091 592 2393 652 lacessitus

392 692 617 753 iniuria.
705 691 868 768 Quid
925 694 1107 768 ergo?
1163 690 1262 750 hic
1318 710 1444 751 non
1493 702 1724 764 noceat,
1770 690 1872 767 qui
1915 689 2178 767 quodam
2224 691 2390 767 quasi

392 810 625 852 veneno
663 789 945 868 perficiat,
977 801 1043 849 ut
1080 809 1250 851 veros
1290 790 1538 849 heredes
1579 799 1833 862 moveat,
1865 787 1927 847 in
1957 808 2160 848 eorum
2190 790 2388 848 locum
2419 807 2449 862 5

392 889 520 966 ipse
559 889 912 949 succedat?‘
967 895 980 921 ‘
1004 891 1141 948 Non
1178 888 1353 964 igitur
1379 889 1554 948 faciat
1573 890 1586 914 ¹
1618 886 1830 948 dixerit
1858 887 1991 964 quis
2024 894 2038 920 ‘
2057 888 2220 964 quod
2251 888 2393 961 utile

394 988 484 1060 sit,
529 989 693 1065 quod
744 987 1094 1063 expediat?'
1178 987 1379 1046 Immo
1426 985 1728 1063 intellegat
1772 985 1918 1044 nihil
1963 1004 2075 1045 nec
2115 984 2393 1062 expedire

394 1103 507 1144 nec
549 1082 693 1144 utile
730 1102 878 1156 esse,
916 1083 1079 1160 quod
1118 1083 1193 1142 sit
1230 1083 1530 1143 iniustum.
1621 1085 1764 1143 Hoc
1801 1082 1902 1160 qui
1939 1101 2063 1142 non
2101 1081 2389 1157 didicerit,

393 1184 589 1243 bonus
626 1183 713 1240 vir
751 1199 879 1241 esse
912 1200 1034 1240 non
1065 1181 1296 1257 poterit.
1404 1198 1495 1256 77.
1570 1181 1638 1243 C.
1673 1179 1992 1240 Fimbriam
2022 1181 2393 1240 consularem

393 1281 714 1342 audiebam
744 1282 822 1341 de
850 1291 1015 1358 patre
1043 1290 1246 1341 nostro
1274 1301 1423 1358 puer
1450 1279 1707 1340 iudicem
1739 1283 1822 1339 M.
1859 1281 2099 1341 Lutatio
2122 1279 2393 1340 Pinthiae
2425 1303 2489 1339 ιο

394 1379 589 1451 fuisse,
633 1377 817 1454 equiti
876 1381 1155 1439 Romano
1204 1399 1348 1440 sane
1394 1380 1669 1452 honest0,
1719 1398 1856 1437 cum
1906 1379 1955 1438 is
2005 1378 2392 1455 sponsionem

394 1474 628 1536 fecisset
669 1493 740 1534 Νι
784 1493 893 1534 vm
936 1493 1132 1536 130st
1176 1493 1376 1536 ESSET.
1466 1478 1680 1553 Itaque
1723 1474 1776 1534 ei
1816 1474 2033 1536 dixisse
2072 1475 2392 1534 Fimbriam

396 1594 458 1634 se
498 1574 658 1632 illam
697 1593 823 1634 rem
862 1593 1189 1649 numquam
1228 1573 1642 1645 iudicaturum,
1676 1592 1753 1632 ne
1790 1583 1892 1632 aut
1931 1573 2208 1649 spoliaret
2237 1574 2394 1632 fama

393 1673 704 1749 probatum
763 1671 1087 1744 hominem,
1148 1671 1196 1731 si
1252 1681 1461 1730 contra
1512 1668 1909 1743 iudicavisset,
1967 1683 2070 1731 aut
2124 1669 2395 1730 statuisse

395 1768 691 1829 videretur
728 1770 918 1828 virum
949 1771 1175 1829 bonum
1206 1789 1334 1830 esse
1364 1769 1639 1846 aliquem,
1671 1789 1808 1828 cum
1839 1788 1911 1829 ea
1938 1789 2030 1830 res
2059 1768 2392 1828 innumera·
2426 1789 2488 1842 15

397 1867 609 1926 bilibus
655 1866 862 1927 officiis
909 1878 967 1928 et
1012 1868 1288 1928 laudibus
1338 1867 1757 1928 contineretur.
1846 1868 2011 1927 Huic
2056 1868 2230 1944 igitur
2269 1867 2393 1927 viro

397 1965 577 2038 bono,
620 1985 800 2042 quem
851 1964 1112 2025 Fimbria
1163 1965 1360 2041 etiam,
1410 1986 1534 2026 non
1584 1967 1770 2026 modo
1814 1966 2085 2026 Socrates
2128 1975 2391 2037 noverat,

396 2065 562 2124 nullo
605 2065 790 2124 modo
835 2064 1019 2125 videri
1067 2076 1264 2142 potest
1309 2063 1631 2141 quicquam
1677 2084 1807 2126 esse
1856 2064 2016 2136 utile,
2062 2067 2226 2142 quod
2270 2084 2394 2125 non

396 2162 713 2222 honestum
763 2163 853 2223 sit.
942 2166 1153 2239 Itaque
1198 2161 1329 2223 talis
1374 2162 1460 2223 vir
1509 2183 1632 2224 non
1680 2164 1864 2224 modo
1914 2164 2120 2235 facere,
2169 2163 2274 2223 sed
2317 2183 2394 2222 ne

396 2259 655 2337 cogitare
692 2261 936 2338 quidem
977 2261 1298 2339 quicquam
1335 2262 1593 2335 audebit,
1626 2263 1790 2339 quod
1827 2282 1950 2323 non
1985 2263 2203 2322 audeat
2230 2281 2392 2340 prae·
2420 2284 2491 2320 20

396 2356 612 2417 dicare.
702 2360 876 2420 Haec
913 2379 1037 2417 non
1074 2370 1243 2437 turpe
1281 2369 1370 2420 est
1400 2358 1672 2419 dubitare
1699 2359 2105 2437 philosophOS,
2137 2378 2289 2435 quae
2320 2377 2395 2418 ne

396 2455 597 2515 rustici
636 2455 878 2532 quidem
918 2457 1239 2516 dubitent?
1278 2476 1314 2515 a
1354 2456 1570 2532 quibus
1610 2469 1815 2516 natum
1854 2467 1944 2516 est
1981 2456 2045 2517 id
2083 2455 2394 2532 quodiam

397 2553 717 2612 contritum
761 2564 851 2613 est
901 2563 1189 2613 vetustate
1237 2553 1650 2631 proverbium:
1693 2573 1829 2613 cum
1873 2552 2032 2613 enim
2075 2554 2255 2613 fidem
2296 2552 2398 2612 ali-

397 2650 563 2709 cuius
602 2649 1051 2726 bonitatemque
1090 2651 1352 2720 laudant,
1385 2657 1399 2683 ‘
1419 2650 1662 2726 dignum
1694 2670 1821 2710 esse
1840 2653 1854 2679 '
1884 2650 2091 2711 dicunt
2122 2651 2394 2726 ‘quicum

398 2746 460 2806 in
502 2745 761 2806 tenebris
800 2747 1018 2807 mices,²
1103 2750 1245 2807 Hoc
1284 2767 1464 2824 quam
1504 2750 1684 2808 habet
1722 2746 1840 2806 vim
1881 2747 1991 2807 nisi
2029 2746 2208 2818 illam,
2249 2746 2491 2819 nibi125

398 2843 675 2922 expedire
704 2845 868 2921 quod
898 2864 1022 2904 non
1048 2846 1276 2918 deceat,
1309 2846 1488 2906 etiam
1518 2845 1566 2905 si
1595 2845 1657 2905 id
1684 2847 1875 2923 possis
1903 2846 2067 2905 nullo
2094 2846 2396 2905 refellente

399 2941 709 3002 obtinere?
826 2944 916 3015 78.
989 2940 1254 3002 Videsne
1294 2944 1433 3002 ·hoc
1487 2940 1800 3019 proverbio
1855 2960 2050 3016 neque
2105 2939 2257 3018 Gygi
2313 2939 2396 3000 illi

398 3058 573 3116 posse
615 3039 848 3099 veniam
893 3039 1019 3098 dari
1058 3059 1252 3116 neque
1290 3038 1443 3112 huic,
1486 3059 1665 3117 quem
1703 3040 1883 3117 paulo
1921 3049 2061 3099 ante
2097 3039 2395 3114 fingebam

397 3135 712 3213 digitorum
735 3138 1120 3215 percussione
1142 3136 1503 3196 hereditates
1526 3136 1795 3196 omnium
1816 3156 1994 3215 posse
2015 3143 2393 3198 converrere!

399 3234 487 3292 Ut
535 3234 713 3307 enim,
765 3236 928 3311 quod
978 3246 1147 3312 turpe
1197 3245 1303 3305 est,
1356 3234 1435 3307 id,
1488 3234 1757 3310 quamvis
1806 3236 2150 3306 occultetur,
2195 3245 2396 3293 tamen
2424 3257 2496 3308 30

397 3331 715 3390 honestum
756 3330 880 3391 fieri
917 3333 1081 3390 nullo
1119 3333 1305 3391 modo
1342 3342 1557 3409 potest,
1590 3331 1692 3404 sie,
1723 3332 1887 3408 quod
1926 3332 2243 3391 honestum
2273 3351 2397 3392 non

398 3437 504 3500 est,
535 3428 597 3487 id
630 3428 773 3489 utile
808 3440 872 3488 ut
902 3430 977 3488 sit
1007 3429 1158 3489 effici
1186 3449 1310 3489 non
1340 3442 1536 3508 potest
1567 3430 1914 3490 adversante
1944 3440 2003 3490 et
2030 3440 2398 3507 repugnante

400 3535 624 3582 natura.
