2685 3938
422 233 491 297 18
897 236 995 296 De
1031 237 1372 297 contentione
1408 236 1659 296 Honesti
1693 246 1746 294 et
1786 235 1962 295 Utilis
2104 230 2232 313 [111
2262 252 2308 292 x
2338 254 2409 305 41

425 433 537 482 The
570 434 784 483 Desire
815 434 884 498 of
915 435 1179 494 Honour,
1219 433 1483 496 Empire,
1522 439 1607 482 etc.
1647 448 1763 496 may
1794 433 1943 481 blind
1969 430 2124 481 men’s
2158 448 2277 494 eyes,
2314 432 2426 480 and

542 516 683 564 make
703 516 834 564 them
856 517 1060 565 hesitate
1088 518 1236 565 about
1262 516 1344 564 the
1357 516 1545 580 justia
1572 516 1634 579 os
1652 532 1722 563 an
1751 517 1931 572 action,
1954 532 2011 563 as
2040 516 2099 563 in
2128 517 2209 564 tlte
2237 532 2341 564 case
2369 514 2432 579 of

542 597 741 645 Brutus
760 597 1037 662 banishing
1055 598 1351 653 Collatinus,

538 705 695 765 Cum
753 703 1054 764 Collatino
1110 705 1373 780 collegae
1429 705 1659 762 Brutus·
1700 702 2014 779 imperium
2073 704 2413 780 abrogabat,

416 813 647 879 poterat
674 800 859 861 videri
896 802 1088 861 facere
1127 801 1189 860 id
1227 799 1479 860 iniuste:
1522 803 1710 860 fuerat
1750 800 1909 860 enim
1947 801 2008 859 in
2049 800 2284 877 regibus
2323 821 2417 861 ex-

417 898 708 976 pellendis
747 898 939 957 socius
981 897 1147 957 Bruti
1182 897 1563 957 consiliorum
1602 909 1662 957 et
1694 896 1944 959 adiutor.
2032 899 2188 960 Cum
2217 908 2416 958 autem

416 995 729 1057 consilium
787 998 903 1056 hoc
959 996 1259 1072 principes
1313 995 1626 1073 cepissent,
1689 994 2107 1072 cognationem
2166 995 2417 1074 Superbi

336 1077 343 1083 ⁰
416 1114 758 1170 nomenque
786 1092 1243 1170 Tarquiniorum
1273 1104 1333 1153 et
1354 1093 1704 1153 memoriam
1727 1092 1891 1170 regni
1920 1112 2049 1153 esse
2071 1095 2414 1167 tollendam,
2449 1115 2476 1168 5

418 1194 584 1269 quod
614 1203 737 1251 erat
777 1191 936 1264 ut'ile,
977 1190 1200 1268 patriae
1241 1193 1569 1262 consulere,
1603 1190 1666 1250 id
1704 1203 1826 1251 erat
1865 1190 1948 1250 ita
1985 1193 2322 1265 honestum,
2354 1203 2418 1250 ut

417 1291 595 1351 etiam
636 1289 748 1367 ipsi
786 1290 1088 1351 Collatino
1126 1292 1362 1367 placere
1400 1292 1659 1351 deberet.
1749 1293 1960 1367 Itaque
1990 1291 2209 1351 utilitas
2237 1292 2420 1351 valuit

418 1401 661 1466 propter
723 1392 1112 1461 honestatem,
1173 1391 1301 1449 sine
1368 1409 1486 1466 qua
1551 1409 1628 1450 ne
1693 1390 1912 1450 utilitas
1979 1391 2222 1466 quidem
2288 1411 2419 1450 esse

416 1499 725 1563 potuisset.

545 1634 606 1667 or
629 1620 722 1667 else
750 1634 891 1667 cause
912 1619 1043 1666 them
1065 1626 1112 1667 to
1140 1625 1219 1667 act
1238 1625 1469 1681 contrary
1489 1626 1537 1668 to
1541 1620 1730 1683 justice
1750 1621 1860 1668 and
1875 1622 2089 1669 natural
2104 1621 2341 1685 affictam,
2364 1638 2422 1671 as

546 1701 793 1749 Romulus
813 1700 908 1749 did
919 1701 1064 1748 when
1087 1700 1146 1748 lte
1167 1701 1437 1749 nturdered
1448 1701 1531 1749 llis
1551 1702 1761 1750 brother.

539 1821 636 1873 41.
722 1803 803 1858 At
852 1799 912 1857 in
970 1818 1044 1858 eo
1098 1817 1253 1875 rege,
1305 1798 1408 1875 qui
1465 1799 1672 1859 urbem
1729 1800 2015 1874 condidit,
2073 1821 2195 1862 non
2252 1802 2413 1862 item.
2454 1826 2515 1861 10

419 1897 662 1974 Species
692 1895 849 1956 enim
880 1895 1144 1955 utilitatis
1179 1895 1445 1955 animum
1475 1896 1701 1975 pepulit
1730 1898 1889 1957 eius:
1932 1899 2030 1958 cui
2057 1919 2193 1959 cum
2223 1900 2415 1959 visum

419 2006 574 2056 esset
607 1993 807 2054 utilius
846 1994 1037 2053 solum
1067 2012 1247 2069 quam
1276 2013 1414 2053 cum
1454 1996 1638 2054 altero
1672 2014 1931 2071 regnare,
1966 1998 2199 2055 fratrem
2244 1994 2418 2056 inter-

420 2095 577 2153 emit.
665 2090 883 2153 Omisit
910 2091 1103 2151 hic'et
1139 2091 1427 2168 pietatem
1468 2104 1527 2152 et
1556 2092 2006 2167 humanitatem,
2039 2104 2102 2152 ut
2140 2094 2221 2167 id,
2253 2098 2417 2171 quod

417 2193 562 2253 utile
606 2193 919 2252 videbatur
954 2210 1152 2266 neque
1194 2203 1333 2264 erat,
1381 2192 1617 2269 assequi
1659 2204 1879 2269 posset,
1925 2204 1985 2252 et
2027 2204 2227 2252 tamen
2267 2193 2420 2254 muri

419 2311 655 2352 causam
696 2290 991 2367 opposuit,
1025 2290 1282 2369 speciem
1339 2291 1666 2352 honestatis
1722 2311 1836 2351 nec
1890 2293 2258 2368 probabilem
2306 2312 2418 2351 nec
2454 2310 2512 2363 15

418 2410 563 2450 sane
608 2390 903 2449 idoneam.
993 2410 1087 2462 42.
1151 2389 1428 2450 Peccavit
1474 2388 1660 2466 igitur,
1712 2410 1860 2467 pace
1906 2392 2000 2452 vel
2047 2390 2278 2466 Quirini
2325 2393 2418 2451 vel

420 2488 665 2547 Romuli
701 2487 965 2549 dixerim.

417 2621 543 2669 Men
571 2634 658 2668 are
678 2626 726 2668 to
753 2620 864 2668 take
891 2635 1001 2669 care
1028 2620 1091 2685 of
1109 2621 1245 2669 their
1261 2638 1374 2670 own
1398 2620 1640 2678 interests‚
1651 2619 1900 2685 provided
1914 2620 2027 2669 that
2044 2621 2157 2683 they
2177 2637 2270 2668 can
2291 2622 2350 2669 do
2369 2638 2421 2670 so

1046 2703 1259 2752 without
1266 2704 1522 2768 prejudice
1542 2710 1589 2752 to
1608 2703 1779 2752 others.

541 2805 674 2863 Nec
729 2813 927 2863 tamen
984 2814 1221 2862 nostrae
1274 2803 1450 2861 nobis
1505 2801 1786 2862 utilitates
1848 2801 2216 2862 omittendae
2281 2812 2422 2860 sunt

419 2901 665 2978 aliisque
706 2902 1044 2973 tradendae,
1085 2920 1221 2959 cum
1265 2899 1350 2961 eis
1389 2899 1501 2976 ipsi
1541 2919 1833 2977 egeamuS,
1877 2901 1981 2960 sed
2026 2920 2165 2959 suae
2204 2898 2421 2975 cuique

420 2997 672 3071 utilitati,
704 3000 867 3075 quod
897 3000 1023 3057 sine
1052 2996 1289 3058 alterius
1316 2995 1529 3056 iniuria
1557 2998 1677 3070 fiat,
1710 2995 2084 3057 serviendum
2114 3008 2218 3056 est.
2454 3028 2521 3062 20

820 3129 867 3175 A
862 3133 929 3190 pt
946 3126 1250 3175 observation
1272 3126 1333 3190 of
1349 3127 1392 3174 C
1387 3126 1654 3189 hryszppus
1673 3133 1721 3174 to
1741 3126 1845 3174 this
1863 3126 2014 3189 effect.

540 3231 697 3294 Scite
728 3233 1110 3310 ChrysippuS,
1142 3243 1209 3292 ut
1237 3234 1462 3292 multa:
1504 3231 1652 3307 ‘Qui
1681 3231 1964 3292 stadium'
1984 3230 2176 3308 inquit
2202 3232 2419 3304 ‘currit,

424 3330 565 3391 eniti
601 3341 661 3389 et
699 3331 1065 3390 contendere
1104 3331 1285 3390 debet
1328 3349 1510 3408 quam
1547 3349 1824 3389 maxume
1865 3328 2056 3407 possit
2098 3340 2162 3388 ut
2204 3328 2420 3402 vincat,

522 3493 577 3537 15
620 3494 779 3542 neque
813 3477 1125 3540 probabilem
1163 3479 1239 3527 Or
1263 3486 1436 3527 contra
1462 3479 1593 3527 codd.
1661 3482 1681 3536 ΙΙ
1754 3494 1811 3544 19
1845 3478 2011 3548 quoad
2046 3476 2150 3527 sine
2182 3478 2425 3527 Halmius

417 3562 524 3610 coll.
548 3563 574 3621 ς
597 3577 657 3623 43
683 3563 716 3609 l·
749 3576 806 3623 14
861 3565 880 3618 ΙΙ
950 3578 1006 3610 21
1045 3570 1097 3610 ut
1122 3561 1294 3610 multa.
1369 3562 1440 3612 Ut
1462 3562 1548 3627 qui
1571 3563 1634 3609 St
1652 3577 1677 3609 e
1698 3555 1978 3613 cod..·Bim.
2001 3577 2027 3609 c
