2685 3938
375 217 451 276 54
688 198 785 254 De
824 197 1165 255 contentione
1206 197 1458 255 Honesti
1491 204 1546 254 et
1594 198 1770 255 Utilis⁸
1851 194 1978 277 [ΙΙΙ
2009 215 2222 257 xxxm
2260 221 2282 257 1
2300 221 2322 257 1
2335 203 2370 259 8

1193 409 1235 443 1.
1313 393 1543 444 Wisdom.

494 504 652 561 Nam
700 500 803 562 ubi
852 501 1109 579 primum
1157 501 1586 579 prudentiae
1633 503 1801 562 locus
1847 503 2127 564 dabitur?
2181 526 2259 566 an
2307 520 2371 568 ut

373 601 681 678 conquirat
723 601 989 678 undique
1030 599 1393 659 suavitates?
1475 602 1674 676 Quam
1712 600 1887 662 miser
1923 604 2153 666 virtutis
2189 607 2374 666 famu-

374 702 526 759 latus
556 698 861 759 servientis
890 698 1215 775 voluptati!
1294 699 1475 774 Quod
1504 711 1706 760 autem
1732 719 1950 760 munus
1981 704 2374 778 prudentiae?

371 817 450 856 an
512 799 705 875 legere
758 797 1165 873 intellegenter
1217 798 1553 875 voluptates
1570 800 1597 856 Ρ
1696 801 1818 858 Fac
1871 799 2018 858 nihil
2071 800 2187 861 isto
2242 822 2373 863 esse

371 895 703 967 iucundius,
736 894 880 971 quid
907 893 1150 970 cogitari
1180 904 1377 970 potest
1405 895 1631 971 turpius
1649 896 1678 954 Ρ
2398 905 2428 962 5

1196 1059 1243 1092 2.
1315 1043 1547 1108 Courage.

492 1156 625 1214 Iam
673 1152 778 1231 qui
822 1154 1092 1214 dolorem
1138 1172 1438 1212 summum
1481 1155 1707 1213 malum
1745 1152 1987 1228 iudicat,
2031 1156 2190 1233 apud
2234 1175 2368 1215 eum

373 1272 553 1329 quem
582 1252 763 1311 habet
784 1251 981 1310 locum
1006 1249 1371 1322 fortitudo,
1397 1268 1551 1326 quae
1573 1261 1663 1310 est
1684 1250 1957 1312 dolorum
1980 1254 2372 1330 laborumque

370 1346 782 1426 contemptio?
864 1345 1150 1422 Quamvis
1206 1345 1368 1405 enim
1419 1346 1618 1406 multis
1664 1346 1808 1407 locis
1854 1347 2015 1408 dicat
2060 1348 2367 1426 EpicuruS,

370 1445 540 1506 sicuti
569 1445 730 1520 dicit,
754 1444 893 1505 satis
920 1444 1143 1504 fortiter
1171 1445 1247 1504 de
1269 1446 1493 1516 dolore,
1518 1455 1719 1504 tamen
1748 1465 1872 1505 non
1891 1443 1954 1506 id
1975 1448 2369 1523 spectandum

371 1557 477 1617 est,
522 1544 668 1621 quid
718 1543 893 1615 dicat,
939 1543 1046 1602 sed
1094 1541 1238 1619 quid
1289 1554 1755 1603 consentaneum
1798 1543 1873 1603 sit
1916 1544 1971 1604 ei
2011 1544 2225 1616 dicere,
2267 1544 2369 1619 qui
2401 1564 2465 1602 ιο

369 1645 530 1703 bona
583 1643 889 1716 voluptate
945 1638 1362 1713 terminaverit,
1420 1642 1578 1699 mala
1632 1641 1855 1701 dolore.
1942 1643 2037 1714 Et,
2097 1641 2146 1701 si
2199 1641 2366 1701 illum

368 1740 624 1811 audiam,
673 1741 750 1799 de
804 1738 1172 1799 continentia
1222 1750 1281 1798 et
1327 1738 1734 1817 temperantia,
1783 1738 1928 1798 dicit
1975 1738 2075 1799 ille
2124 1740 2367 1816 quidem

368 1839 554 1896 multa
581 1835 784 1895 multis
812 1835 975 1909 lociS‚
1006 1837 1112 1895 sed
1141 1855 1295 1911 aqua
1322 1837 1541 1908 haeret,
1575 1847 1639 1895 ut
1667 1835 1852 1895 aiunt.

1142 2000 1188 2048 3.
1261 1986 1599 2048 Temperance.

491 2092 646 2152 Nam
688 2089 793 2168 qui
834 2102 1031 2169 potest
1073 2089 1620 2168 temperantiam
1656 2091 1900 2152 laudare
1936 2091 2003 2164 is,
2041 2091 2145 2169 qui
2182 2105 2368 2171 ponat

368 2208 665 2247 summum
705 2190 931 2248 bonum
970 2187 1032 2247 in
1061 2189 1415 2265 voluptate?
1496 2190 1605 2248 Est
1633 2189 1795 2248 enim
1823 2190 2216 2268 temperantia
2241 2191 2367 2252 libi·
2402 2211 2459 2266 15

367 2285 574 2344 dinum
630 2283 885 2358 inimica,
931 2284 1206 2344 libidines
1261 2296 1462 2344 autem
1519 2285 1974 2347 consectatrices
2028 2287 2361 2365 voluptatis

376 2387 504 2443 118.
590 2386 788 2458 Atque
832 2382 895 2442 in
937 2381 1027 2442 his
1071 2394 1273 2442 tamen
1316 2382 1500 2442 tribus
1541 2382 1856 2458 generibus
1898 2403 2144 2461 quoquo
2181 2385 2366 2443 modo

368 2491 618 2557 possunt
674 2499 796 2539 non
852 2478 1128 2539 incallide
1187 2478 1653 2555 tergiversantur.
1754 2479 2138 2539 Prudentiam
2192 2477 2367 2538 intro-

370 2578 597 2637 ducunt
625 2577 933 2636 scientiam
963 2576 1819 2653 suppeditantem‘voluptateS,
1842 2577 2241 2654 depellentem
2263 2577 2369 2635 do·

368 2676 535 2734 lores.
623 2672 1055 2734 Fortitudinem
1099 2692 1337 2749 quoque
1378 2672 1579 2750 aliquo
1622 2674 1807 2733 modo
1847 2673 2189 2750 expediunt,
2226 2693 2363 2732 cum
2394 2697 2462 2733 20

369 2772 608 2830 tradunt
655 2769 946 2830 rationem
990 2770 1395 2847 neglegendae
1440 2768 1662 2858 mortis,
1707 2770 2083 2846 perpetiendi
2125 2769 2359 2829 doloriS.

368 2868 566 2927 Etiam
623 2866 1076 2945 temperantiam
1125 2866 1418 2926 inducunt
1467 2886 1589 2925 non
1638 2867 1918 2928 facillime
1966 2866 2050 2926 illi
2099 2866 2362 2944 quidem,

366 2968 474 3026 sed
517 2979 717 3026 tamen
761 2985 1006 3042 quoquo
1049 2966 1231 3024 modo
1272 2976 1522 3041 possunt
1542 2988 1559 3039 3
1602 2964 1808 3024 dicunt
1847 2965 2009 3025 enim
2046 2963 2365 3041 voluptatis

367 3064 840 3142 magnitudinem
870 3062 1089 3122 doloris
1117 3063 1484 3121 detractione
1514 3061 1681 3121 finiri.

1209 3230 1256 3273 4.
1307 3210 1522 3275 justice.

490 3317 775 3378 Iustitia
810 3316 1046 3377 vacillat
1080 3318 1173 3377 vel
1202 3317 1357 3376 iacet
1384 3314 1581 3393 potius
1610 3335 1937 3391 omnesque
1966 3333 2073 3374 eae
2101 3313 2359 3388 virtuteS,
2395 3338 2459 3391 ²5

464 3450 496 3501 6
531 3451 713 3500 iudicat
746 3452 827 3500 Ba
860 3451 1022 3500 Heine
1053 3452 1136 3500 Lu
1160 3457 1274 3514 post
1308 3449 1634 3507 Lambinum,
1667 3449 1800 3497 dicat
1838 3448 1914 3497 Or
1944 3449 2043 3495 Mu
2073 3463 2185 3496 cum
2228 3448 2360 3495 codd.

465 3548 516 3581 11
555 3540 605 3580 et
630 3530 879 3594 Miiller²;
911 3539 963 3581 ut
985 3534 1132 3597 vulgo
