2685 3938
318 258 421 319 111
451 277 565 319 xxi
599 263 633 318 8
640 252 702 338 3]
786 254 885 317 De
917 257 1255 317 contentione
1295 254 1548 316 Honesti
1579 264 1633 315 et
1686 251 1863 317 Utilis
2250 266 2324 329 37

418 467 526 517 The
545 467 799 531 principle
829 467 1132 516 enunciated
1156 467 1216 516 in
1248 467 1328 515 the
1361 468 1489 516 lines
1519 468 1581 532 os
1602 467 1877 531 Euripides
1909 465 1956 515 is
1987 464 2235 514 immoral.

444 577 586 653 Ipse
641 586 839 637 autem
898 595 1066 636 socer
1122 575 1183 634 in
1242 594 1345 636 ore
1402 594 1635 653 semper
1691 576 1953 634 Graecos
2003 592 2203 633 versus
2254 572 2329 631 de

324 670 665 733 Phoenissis
714 672 992 744 habebat,
1041 691 1194 749 quos
1240 671 1437 732 dicam
1484 682 1551 731 ut
1593 683 1821 749 potero,
1867 670 2175 731 incondite
2217 670 2329 728 for-

325 781 496 843 tasse,
529 772 635 830 sed
665 780 867 830 tamen
896 780 960 829 ut
988 789 1080 831 res
1108 768 1297 848 possit
1326 768 1626 847 intellegi:

704 894 842 943 Nam
873 893 926 943 si
952 893 1244 943 m‘olandum
1276 900 1350 943 est
1382 893 1480 951 iu's,
1516 895 1763 957 reptandi
1783 892 1958 959 greitia

703 974 995 1025 viola'ndum
1027 983 1129 1025 est:
1171 976 1294 1025 aliis
1326 974 1470 1024 re'bus
1491 974 1724 1039 pietatlm
1757 977 1896 1026 colas.
2363 996 2389 1050 5

331 1092 616 1171 Capitalis
647 1090 953 1174 [Eteocles
983 1094 1077 1154 vel
1103 1093 1302 1172 potius
1335 1091 1695 1175 Euripides],
1723 1095 1821 1169 qui
1853 1093 1914 1154 id
1944 1113 2145 1166 unum,
2171 1094 2333 1170 quod

330 1189 597 1252 omnium
630 1190 1146 1252 sceleratissimum
1177 1191 1366 1264 fuerit,
1400 1191 1731 1270 exceperit!
1818 1196 1909 1267 83.
1973 1190 2139 1266 Quid
2167 1190 2338 1268 igitur

335 1292 563 1351 minuta
590 1289 942 1368 colligimuS,
974 1290 1353 1362 hereditateS,
1386 1280 1761 1363 mercaturas,
1788 1288 2162 1350 venditiones
2192 1291 2339 1348 frau-

334 1390 653 1450 dulentas?
737 1390 898 1449 Ecce
938 1386 1064 1461 tibi,
1108 1386 1212 1465 qui
1248 1409 1350 1449 rex
1389 1388 1599 1466 populi
1639 1387 1899 1449 Romani
1939 1386 2338 1461 dominusque

335 1487 599 1547 omnium
629 1485 896 1564 gentium
928 1506 1057 1546 esse
1088 1485 1497 1564 concupiverit
1525 1485 1705 1563 idque
1733 1484 2074 1564 perfecerit!
2160 1488 2340 1545 Hanc
2372 1503 2432 1540 10

335 1582 724 1662 cupiditatem
763 1583 812 1644 si
850 1586 1163 1645 honestam
1204 1582 1335 1661 quis
1374 1604 1504 1644 esse
1535 1583 1697 1654 dicit,
1728 1604 1932 1644 amens
1962 1594 2087 1644 est:
2130 1584 2342 1662 probat

339 1681 499 1741 enim
538 1683 736 1759 legum
776 1693 834 1742 et
873 1681 1158 1742 libertatis
1197 1680 1497 1740 interitum
1536 1699 1858 1755 earumque
1895 1680 2340 1759 oppressionem

339 1791 586 1840 taetram
616 1790 675 1840 et
704 1779 1116 1840 detestabilem
1146 1779 1464 1856 gloriosam
1493 1790 1682 1857 putat.
1757 1768 1876 1854 Qui
1906 1792 2104 1839 autem
2134 1778 2346 1839 fatetur

341 1879 658 1938 honestum
688 1897 809 1937 non
842 1897 972 1937 esse
1001 1876 1062 1937 in
1092 1896 1163 1938 ea
1192 1878 1446 1951 civitate,
1480 1898 1636 1957 quae
1664 1879 1848 1939 libera
1874 1876 2047 1939 fuerit
2076 1896 2345 1954 quaeque

344 1997 473 2038 esse
508 1978 740 2048 debeat,
774 1968 1032 2055 regnare,
1066 1979 1172 2038 sed
1213 1977 1283 2051 ei,
1315 1977 1418 2055 qui
1455 1977 1514 2039 id
1551 1979 1740 2038 facere
1776 1977 1980 2056 possit,
2012 1996 2143 2038 esse
2181 1977 2338 2050 utile,
2384 1994 2396 2028 ι
2408 1989 2433 2043 5

344 2095 463 2153 qua
518 2074 680 2134 hunc
736 2074 1147 2152 obiurgatione
1204 2088 1304 2136 aut
1361 2095 1482 2153 quo
1532 2075 1729 2154 potius
1780 2073 2052 2135 convicio
2100 2094 2137 2133 a
2181 2084 2347 2134 tanto

346 2193 538 2246 errore
583 2192 764 2233 coner
806 2173 1102 2233 avellere?
1186 2175 1392 2233 Potest
1437 2172 1611 2245 enim,
1658 2172 1740 2234 dii
1783 2172 2180 2233 immortales!
2231 2171 2349 2232 cui-

347 2290 528 2348 quam
585 2289 715 2330 esse
763 2268 905 2330 utile
954 2268 1363 2330 foedissimum
1418 2281 1474 2331 et
1526 2270 1926 2331 taeterrimum
1976 2268 2349 2349 parricidium

346 2368 588 2448 patriae,
638 2366 905 2444 quamvis
962 2366 1029 2441 is,
1074 2367 1177 2446 qui
1235 2389 1299 2429 se
1356 2388 1430 2430 eo
1488 2367 1879 2442 obstrinxerit,
1924 2369 1998 2429 ab
2056 2365 2351 2448 oppressis

349 2466 576 2527 civibus
608 2469 830 2527 Parens
858 2465 1240 2526 nominetur?
2382 2495 2445 2532 20

434 2630 688 2681 Rectitude
721 2631 768 2679 is
798 2631 878 2679 the
907 2632 1024 2694 only
1056 2638 1168 2680 true
1201 2647 1424 2681 measure
1456 2633 1565 2681 and
1589 2631 1838 2682 standard
1861 2631 1922 2697 of
1945 2633 2273 2697 Expediency.

476 2727 813 2805 Honestate
863 2743 1033 2822 igitur
1101 2744 1408 2822 dirigenda
1466 2747 1682 2806 utilitas
1726 2756 1813 2808 est
1857 2759 1916 2808 et
1966 2747 2207 2824 quidem
2254 2746 2354 2821 sic,

354 2854 418 2902 ut
472 2843 618 2902 haec
675 2843 798 2903 duo
854 2845 1036 2903 verbo
1077 2842 1230 2904 inter
1277 2863 1340 2904 se
1388 2844 1736 2923 discrepare,
1788 2865 1847 2905 re
1903 2865 2091 2906 unum
2149 2865 2357 2907 sonare

354 3032 506 3083 quam
535 3016 709 3067 inutile
739 3017 921 3066 omissa
953 3018 1011 3066 in
1046 3018 1247 3081 optimis
1275 3019 1404 3069 codd.
1439 3020 1743 3069 secluserunt
1776 3021 1859 3069 Ba
1888 3020 2068 3079 Heine,
2104 3021 2272 3070 omisit
2303 3020 2364 3069 St

355 3101 451 3167 qui
468 3102 673 3150 adnotat
694 3105 706 3128 ‘
719 3101 978 3149 Sententia
1000 3101 1094 3149 loci
1111 3102 1307 3150 omissis
1329 3102 1438 3151 illis
1466 3103 1627 3151 vorbis
1648 3103 1860 3167 gravior
1887 3104 2043 3153 multo
2058 3104 2144 3168 fit,
2170 3119 2281 3153 cum
2303 3119 2365 3152 ex

355 3200 409 3232 eo
437 3183 540 3246 ipso
567 3183 702 3248 quod
723 3181 960 3232 iniustum
988 3189 1038 3231 et
1065 3190 1208 3248 turpe
1238 3189 1322 3241 est,
1351 3184 1536 3232 eluceat
1555 3184 1705 3233 etiam
1735 3185 1908 3234 inutile
1929 3201 2025 3235 esse
2045 3185 2249 3234 etiamsi
2266 3200 2364 3233 non

360 3266 482 3329 tjfisis
501 3265 664 3314 verbis
684 3265 897 3315 dicatur.
969 3266 1107 3314 Nam
1130 3266 1180 3314 si
1198 3281 1308 3314 cum
1332 3267 1391 3314 vi
1417 3267 1632 3330 quadam
1663 3268 1827 3317 Cicero
1855 3268 2029 3317 addere
2057 3267 2290 3317 voluisset
2318 3273 2366 3315 et

360 3363 510 3412 quam
533 3347 727 3404 inutile,
752 3362 852 3396 non
875 3362 1025 3411 quam
1048 3347 1283 3397 iniustum
1305 3349 1394 3397 sed
1410 3355 1458 3398 et
1481 3365 1631 3414 quam
1657 3350 1892 3400 iniustum
1909 3350 2173 3410 dixisset&
2201 3348 2371 3398 omisit

359 3436 408 3478 et
429 3429 528 3478 Mu
562 3433 580 3486 ΙΙ
616 3428 648 3479 6
672 3428 935 3492 Euripides
958 3429 1036 3478 vel
1060 3430 1226 3493 potius
1254 3430 1481 3479 Eteocles
1509 3431 1744 3480 l'earcius
1763 3437 1812 3479 et
1837 3432 2111 3480 Gesnerus:
2143 3428 2371 3495 capitalis

368 3510 595 3558 Eteocles
629 3509 728 3571 [vel
765 3510 931 3573 potius
972 3509 1256 3575 Euripides]
1292 3512 1542 3559 Porsonus
1558 3529 1578 3568 ,·
1623 3518 1777 3559 totum
1820 3510 2048 3559 Eteocles
2087 3510 2164 3558 vel
2206 3515 2370 3573 potius

365 3591 629 3655 Euripides
645 3591 910 3655 glossatori
927 3592 1163 3640 tribuunt
1183 3593 1265 3640 Ba
1290 3592 1486 3640 Miiller
