2685 3938
400 188 430 229 2
897 173 1260 231 Prooemium
1300 172 1369 228 de
1408 172 1494 228 oti
1528 173 1626 228 sui
1661 172 1880 228 ratione
2147 169 2276 252 [III
2308 191 2329 230 1
2362 192 2396 249 3

397 350 500 398 est.
577 338 857 401 Extincto
887 339 1046 398 enim
1075 350 1286 400 senatu
1317 339 1647 416 deletisque
1675 339 1910 400 iudiciis
1940 340 2084 417 quid
2113 353 2204 401 est
2233 343 2398 419 quod

397 436 643 513 dignum
693 437 867 496 nobis
916 448 1018 496 aut
1067 436 1128 495 in
1179 436 1339 497 curia
1388 449 1491 496 aut
1538 435 1601 496 in
1649 439 1778 497 foro
1834 458 2007 515 agere
2061 439 2402 516 possimus?

400 555 448 612 3.
533 537 628 594 Ita
670 532 788 610 qui,
833 532 896 592 in
938 533 1197 593 maxima
1238 533 1581 594 celebritate
1623 545 1803 611 atque
1844 535 1906 594 in
1949 536 2137 597 oculis
2178 536 2397 597 civium

397 631 701 708 quondam
750 629 1083 703 vixerimuS‚
1135 651 1295 690 nunc
1351 632 1642 706 fugientes
1699 643 2091 709 conspectum
2153 635 2401 693 scelera-

397 739 609 800 torum,
661 727 877 804 quibus
934 726 1136 787 omnia
1190 728 1546 797 redundant,
1598 727 1871 789 abdimus
1928 747 2056 802 n03,
2108 740 2397 806 quantum
2426 754 2455 807 5

397 825 550 898 licet,
605 837 663 885 et
720 845 894 903 saepe
953 824 1062 884 soli
1119 844 1336 884 sumus
1426 826 1545 884 Sed
1593 825 1734 902 quia
1782 828 1868 886 sic
1922 828 1999 886 ab
2056 826 2398 888 hominibus

397 923 590 983 doctis
646 922 1000 1001 accepimus,
1061 941 1184 981 non
1239 923 1434 982 solum
1502 942 1573 981 ex
1640 923 1810 983 malis
1874 924 2088 1000 eligere
2153 925 2401 984 minima

398 1033 686 1099 oportere,
708 1023 815 1081 sed
835 1020 1011 1080 etiam
1032 1039 1344 1097 excerpere
1367 1039 1439 1079 ex
1461 1018 1551 1078 his
1570 1019 1728 1097 ipsiS‚
1753 1020 1802 1079 si
1824 1020 1969 1097 quid
1989 1021 2208 1082 inesset
2232 1021 2394 1096 boni,

397 1133 708 1199 propterea
748 1130 808 1180 et
850 1120 974 1179 otio
1012 1121 1187 1190 fruor,
1233 1137 1357 1177 non
1398 1116 1502 1177 illo
1547 1117 1811 1194 quidem,
1849 1137 1971 1194 quo
2016 1119 2279 1181 debebat
2329 1118 2395 1191 is,

397 1219 499 1295 qui
527 1221 832 1295 quondam
860 1217 1185 1296 peperisset
1213 1215 1398 1276 otium
1430 1214 1670 1288 civitati,
1704 1236 1816 1276 nec
1846 1236 1976 1290 eam
2015 1217 2396 1277 solitudinem
2430 1241 2490 1276 10

398 1322 673 1397 languere
709 1319 916 1397 patior,
948 1338 1128 1394 quam
1168 1315 1314 1377 mihi
1353 1318 1542 1385 adfert
1580 1316 1917 1390 necessitaS‚
1951 1337 2073 1377 non
2101 1320 2393 1378 voluntaS.

396 1438 450 1492 4.
533 1419 914 1494 Quamquam
969 1415 1282 1476 Africanus
1339 1415 1625 1476 maiorem
1682 1417 1921 1477 laudem
1978 1437 2117 1477 meo
2173 1416 2396 1477 iudicio

394 1518 833 1593 assequebatur.
924 1517 1103 1575 Nulla
1152 1515 1312 1575 enirn
1362 1515 1489 1575 eius
1538 1514 1739 1592 ingeni
1791 1526 2181 1575 monumenta
2238 1535 2397 1575 man-

395 1615 534 1672 data
582 1612 804 1686 litteris,
857 1614 1083 1672 nullum
1140 1630 1290 1688 opus
1348 1610 1449 1686 oti,
1501 1612 1729 1671 nullum
1788 1609 2122 1670 solitudinis
2180 1631 2395 1672 munus

395 1720 589 1770 extat:
645 1729 718 1770 ex
760 1730 880 1786 quo
924 1709 1184 1786 intellegi
1227 1710 1409 1769 debet
1457 1708 1624 1769 illum
1676 1708 1892 1768 mentis
1944 1707 2265 1785 agitatione
2312 1708 2397 1768 in·
2428 1731 2486 1784 15

395 1808 900 1884 vestigationeque
955 1827 1156 1867 earum
1212 1827 1424 1880 rerum,
1483 1827 1631 1883 quas
1687 1806 2007 1884 cogitando
2070 1826 2397 1883 conseque·

394 1907 581 1978 batur,
615 1925 728 1965 nec
756 1907 1013 1965 otiosum
1043 1925 1156 1965 nec
1183 1907 1376 1964 solum
1406 1925 1691 1982 umquam
1730 1904 1926 1965 fuisse.
2014 1906 2146 1963 Nos
2173 1917 2392 1979 autem,

393 2006 498 2080 qui
551 2025 674 2065 non
731 2016 958 2065 tantum
1015 2004 1241 2064 roboris
1297 2006 1605 2075 habemuS‚
1664 2015 1730 2063 ut
1791 2002 2154 2079 cogitatione
2218 2002 2396 2062 tacita

393 2122 430 2161 a
467 2101 787 2162 solitudine
826 2102 1255 2169 abstrahamur,
1290 2102 1562 2160 ad‘hanc
1599 2098 1897 2160 scribendi
1935 2119 2175 2177 operam
2215 2118 2395 2159 omne

394 2200 656 2259 studium
705 2219 1028 2276 curamque
1077 2199 1494 2259 convertimus·
1582 2199 1795 2274 Itaque
1836 2200 2005 2275 plura
2047 2196 2207 2257 brevi
2252 2208 2395 2257 tem·
2422 2220 2490 2255 20

391 2317 534 2376 pore
565 2317 765 2358 eversa
794 2318 973 2375 quam
1003 2298 1203 2358 multis
1233 2299 1403 2357 annis
1433 2308 1626 2357 stante
1654 2317 1715 2356 re
1744 2296 1986 2375 publica
2015 2296 2385 2377 scripsimus*

391 2448 490 2496 The
522 2450 714 2513 Subject
743 2450 805 2514 os
824 2450 1010 2499 Duties
1040 2450 1189 2512 being
1213 2449 1294 2497 the
1326 2456 1451 2497 most
1481 2448 1652 2513 usoful
1667 2455 1793 2512 part
1827 2447 1891 2512 of
1919 2449 1998 2496 all
2025 2448 2321 2511 Philosophy
2352 2448 2397 2497 is

520 2538 645 2578 most
675 2531 938 2595 deserving
966 2531 1029 2595 of
1059 2531 1138 2579 his
1171 2532 1314 2579 Son's
1348 2532 1605 2579 attention.
1680 2531 1844 2580 Cicero
1880 2529 2079 2579 exhorts
2111 2530 2220 2577 kim
2258 2536 2306 2578 to
2342 2530 2397 2578 be

519 2612 732 2675 diligent
758 2611 817 2660 in
846 2612 926 2660 the
955 2626 1040 2660 use
1067 2611 1130 2675 of
1148 2612 1229 2660 tho
1257 2612 1615 2674 opportunities
1641 2612 1702 2675 of
1721 2611 1868 2673 stu&
1887 2610 2051 2658 which
2076 2610 2137 2659 he
2155 2611 2322 2673 enjoys
2339 2617 2398 2659 at

523 2696 715 2744 Athens
737 2696 900 2743 under
923 2695 1203 2760 Cratippus.
2307 2759 2314 2766 .

312 2822 366 2870 11
517 2820 568 2880 5.
656 2804 773 2863 Sed
816 2821 953 2861 cum
996 2812 1121 2860 tota
1167 2800 1559 2878 philosophia,
1606 2799 1690 2858 mi
1739 2798 1967 2868 Cicer0,
2012 2799 2284 2875 frugifera
2332 2810 2393 2858 et

393 2905 692 2961 fructuosa
738 2919 851 2959 nec
897 2900 1020 2958 ulla
1066 2918 1201 2977 pars
1249 2896 1375 2958 eius
1430 2897 1655 2957 inculta
1708 2914 1780 2954 ac
1837 2898 2068 2956 deserta
2122 2896 2215 2968 sit,
2265 2907 2392 2955 tum

393 3000 590 3058 nullus
618 2996 865 3066 feracior
892 2996 954 3055 in
983 3017 1054 3057 ea
1080 2997 1248 3056 locus
1278 3006 1367 3054 est
1404 3015 1519 3056 nec
1556 2993 1790 3055 uberior
1830 3013 2009 3070 quam
2049 2994 2126 3053 de
2165 2992 2390 3066 officiiS‚

392 3114 428 3153 a
455 3094 670 3170 quibus
698 3102 1038 3153 constanter
1066 3091 1436 3165 honesteque
1457 3088 1697 3148 vivendi
1724 3099 2045 3167 praecepta
2073 3089 2386 3147 ducuntur.
2422 3110 2487 3165 25

394 3193 532 3266 Qua
572 3210 635 3250 re
675 3207 1038 3266 quamquam
1076 3207 1113 3246 a
1150 3186 1438 3263 Cratippo
1484 3197 1702 3260 nostro,
1744 3185 2009 3263 principe
2055 3184 2227 3245 huius
2273 3205 2393 3246 me-

393 3288 615 3349 moriae
643 3286 1154 3366 philosophorum,
1178 3285 1328 3343 haec
1350 3295 1408 3342 te
1431 3282 1666 3342 assidue
1688 3282 1891 3341 audire
1914 3292 2094 3357 atque
2122 3280 2393 3358 accipere

429 3422 439 3430 “
489 3430 520 3480 9
558 3415 738 3464 debeat
778 3416 838 3462 Sc·
873 3430 985 3461 cum
1012 3413 1265 3478 plerisque
1302 3399 1431 3460 oodd.
1467 3417 1526 3458 ul
1562 3412 1719 3459 multo
1756 3410 2005 3458 urbanius
2029 3424 2095 3470 *ac
2130 3409 2395 3459 modestius

389 3514 541 3563 quam
574 3497 789 3546 debebat
