2685 3938
741 171 1047 233 NOTES
1123 176 1302 233 BOOK
1335 171 1435 232 III
1466 193 1501 231 c
1530 190 1620 231 xx
1646 175 1704 248 55
1731 176 1808 231 80
1838 176 1908 231 81
2212 195 2324 252 139

320 339 552 405 (without
574 344 776 409 waiting
798 345 876 394 for
896 345 982 395 the
1002 345 1131 395 honr
1159 342 1454 409 appointed)
1479 344 1580 393 and
1608 344 1674 407 by
1696 343 1902 394 himself
1926 360 2051 408 gave
2081 352 2168 393 out
2190 345 2325 394 what

320 425 422 475 had
443 426 573 476 been
595 427 662 490 by
686 443 919 476 common
939 434 1147 477 consent
1168 428 1352 490 agreed
1375 442 1512 492 upon
1531 442 1720 491 among
1744 427 1918 476 them.’

8 541 9 578 ἶ
416 510 558 557 allus
579 509 708 569 alio]
741 524 811 558 sc.
834 525 884 558 se
903 511 1231 559 contulerunt.

415 593 487 656 ‚²¹³
506 591 794 652 absolun]
827 607 896 640 sc.
919 591 1253 640 tribunorum.
1325 590 1439 640 The
1462 590 1665 640 tn'buni
1673 590 1830 653 plebis
1850 597 1926 639 sat
1954 606 2019 639 on
2048 591 2063 616 ⁶
2077 590 2295 641 benches
2309 591 2322 615 ’

318 671 568 730 subsellia,
612 681 701 723 not
744 674 913 725 curule
957 674 1135 732 chairs,
1175 690 1231 723 as
1273 681 1366 723 not
1414 674 1567 738 being
1609 674 1779 723 curule
1819 674 2146 738 magistrates.
2213 674 2325 723 The

318 754 549 804 subsellia
586 770 716 805 were
754 755 1116 820 distinguished
1159 755 1288 805 from
1333 756 1421 805 the
1463 757 1609 805 sellae
1643 757 1838 805 curules
1882 756 2044 819 partly
2078 755 2132 803 in
2175 755 2327 819 being

318 835 474 886 lower
495 838 595 886 and
619 838 781 902 partly
802 838 857 888 in
877 839 1052 904 giving
1072 838 1503 889 accommodatiori
1527 838 1601 888 sor
1625 854 1762 888 more
1787 838 1907 887 than
1930 854 2027 887 one
2048 853 2246 902 person.

416 921 453 969 1„
477 925 556 969 21.
622 922 792 984 recta]
830 937 902 972 se.
933 923 1031 972 via
1059 938 1122 972 se
1151 922 1440 980 contulit,
1473 939 1552 987 ep.
1589 924 1654 971 ad
1686 924 1792 971 Att.
1829 933 1888 971 1v
1923 936 1967 985 5,
2008 936 2036 985 3
2065 928 2123 969 tu
2153 922 2212 970 de
2241 921 2325 971 via

320 1008 481 1051 recta
504 1003 564 1051 in
585 1003 762 1061 hortos,
792 1004 904 1053 Fin.
929 1015 966 1052 v
991 1019 1051 1067 3²
1073 1005 1159 1052 sed
1174 1010 1359 1067 tempus
1379 1012 1475 1062 est,·
1506 1012 1555 1053 et
1575 1011 1741 1053 recta
1763 1004 1959 1068 quidem
1982 1003 2052 1051 ad
2069 1019 2160 1051 me.

8 1039 9 1108 1
416 1086 454 1132 1.
487 1089 565 1133 22.
631 1089 681 1135 81
709 1087 945 1147 quaeris]
980 1086 1050 1134 ‘if
1071 1103 1170 1150 you
1200 1088 1291 1136 ask
1323 1090 1440 1144 me‚'
1477 1088 1548 1136 ‘if
1569 1103 1667 1152 you
1700 1093 1834 1135 want
1867 1093 1920 1135 to
1948 1085 2124 1134 know’
2155 1084 2243 1149 i.q.
2268 1091 2327 1133 ut

318 1181 495 1216 verum
526 1168 703 1227 dicam,
728 1186 828 1218 non
859 1171 1097 1235 diffiteor:
1129 1186 1208 1235 ep.
1235 1172 1303 1219 ad
1335 1171 1452 1219 sam.
1480 1182 1564 1220 vn
1601 1187 1644 1228 1,
1671 1187 1697 1220 2
1726 1169 1949 1229 oncnino,
1983 1170 2036 1217 si
2061 1169 2321 1232 quaeris,

319 1251 438 1299 ludi
461 1252 854 1315 apparatissimi,
888 1254 976 1301 sed
996 1269 1097 1302 non
1127 1254 1210 1302 tui
1234 1254 1490 1310 stomachi,
1524 1254 1588 1303 de
1621 1268 1725 1302 sen.
1763 1254 1790 1312 5
1821 1252 1881 1315 65
1916 1258 2039 1300 sunt
2071 1252 2252 1299 morosi
2279 1258 2327 1299 et

318 1334 477 1381 anxii
502 1341 548 1382 et
576 1334 817 1383 iracundi
841 1351 986 1392 senes,
1018 1336 1072 1384 si
1098 1336 1468 1399 quaerimus,
1498 1336 1645 1383 etiam
1677 1335 1840 1390 avari,
1874 1333 1938 1381 de
1969 1348 2042 1381 or.
2078 1344 2121 1381 11
2152 1334 2179 1392 5
2211 1347 2321 1395 254.

319 1416 433 1466 The
464 1416 644 1481 phrase
673 1418 954 1483 apologises
985 1419 1060 1468 for
1089 1434 1121 1467 a
1151 1418 1372 1484 possibly
1402 1418 1711 1482 superfluous
1742 1423 2024 1472 statement,
2052 1416 2109 1463 P.
2148 1416 2201 1465 S.
2233 1416 2322 1464 Gr.

319 1515 371 1563 P·
399 1513 513 1561 475,
538 1498 586 1549 6.

415 1584 455 1629 1.
480 1586 556 1629 22.
625 1584 866 1632 omnibus
885 1585 1040 1644 vicis]
1074 1582 1151 1632 for
1172 1582 1411 1632 omission
1433 1582 1491 1632 of
1507 1583 1565 1631 in
1588 1598 1670 1630 see
1696 1581 1843 1644 Roby
1865 1583 1892 1641 5
1921 1597 1942 1630 1
1955 1591 2060 1643 170.

7 1621 13 1890 ἱ
418 1664 655 1724 etat-uae]
691 1663 820 1712 Plin.
845 1663 896 1711 h.
930 1680 977 1711 n.
1013 1675 1194 1712 xxxlv
1225 1661 1275 1721 6,
1312 1680 1371 1713 12
1402 1670 1692 1712 statuerunt
1720 1669 1766 1711 et
1793 1663 2021 1721 (statuas)
2051 1662 2238 1710 Romae
2267 1663 2326 1710 in

318 1745 549 1794 omnibus
569 1746 697 1794 vicis
723 1746 887 1794 tribus
916 1748 1018 1795 Ma
1027 1747 1118 1795 rio
1153 1746 1534 1804 Gratidiano,
1557 1754 1617 1795 ut
1644 1746 1882 1804 diximus,
1911 1744 2188 1807 easdemque
2213 1743 2322 1791 sub-

318 1832 508 1874 vertere
538 1827 712 1874 Sullae
744 1828 972 1886 introitu,
1009 1828 1199 1877 Seneca
1234 1826 1298 1875 de
1333 1827 1405 1875 ira
1441 1838 1507 1874 111
1549 1826 1607 1874 18
1646 1825 1718 1873 M.
1764 1822 1977 1880 Mario,
2010 1823 2097 1870 cui
2124 1823 2323 1870 vicatim

312 1907 528 1972 populus
563 1915 802 1956 statuas
831 1916 1078 1972 posuerat,
1117 1910 1201 1957 cui
1238 1909 1317 1971 [in
1362 1909 1506 1956 cuius
1538 1906 1791 1967 honorem]
1828 1912 1940 1954 ture
1969 1920 2027 1952 ac
2058 1905 2174 1953 vino
2209 1912 2324 1967 sup-

310 1990 548 2054 plicarat,
575 1991 638 2039 L.
664 1992 809 2039 Sulla
821 1992 1119 2056 praefringi
1136 2007 1307 2048 crura,
1329 1992 1446 2039 erui
1465 1991 1636 2048 oculos,
1665 1987 1927 2052 amputari
1946 2003 2130 2036 manus
2149 1987 2311 2035 iussit.

418 2076 490 2122 ad
522 2086 615 2122 eae
645 2070 753 2134 turi,
790 2075 950 2136 aerei]
1005 2076 1099 2139 ‘by
1137 2075 1276 2124 them
1312 2072 1416 2138 (i.e.
1462 2072 1548 2121 the
1585 2069 1791 2134 statues)
1835 2070 2178 2119 frankincense
2223 2068 2322 2115 and

322 2164 488 2219 tapers
511 2171 639 2205 were
665 2155 892 2206 burned.’
963 2157 1156 2213 Cereus,
1194 2161 1250 2205 ‘a
1274 2173 1384 2205 wax
1408 2154 1570 2219 light‚’
1597 2154 1756 2203 Plaut.
1788 2153 1936 2203 Cure.
1962 2165 1981 2201 1
2006 2153 2022 2201 i
2052 2158 2211 2221 [tute
2236 2151 2328 2199 tibi

310 2244 446 2299 puer
470 2253 535 2294 ιε,
565 2238 735 2287 lautus
763 2239 890 2286 luces
918 2253 1160 2296 cereum,
1196 2237 1278 2287 i.e.
1325 2240 1448 2300 ‘you
1480 2234 1597 2284 wait
1631 2251 1765 2300 upon
1800 2233 2022 2298 yourself
2049 2234 2148 2282 and
2183 2247 2324 2296 carry

320 2334 445 2383 your
474 2334 589 2367 own
617 2317 743 2382 light
773 2319 962 2382 though
993 2320 1200 2383 smartly
1228 2317 1458 2368 dressed'
1489 2315 1566 2380 (or
1591 2316 1811 2380 ‘though
1836 2314 1949 2364 well
1977 2313 2054 2363 off
2062 2313 2114 2378 ’).
2187 2313 2327 2362 Cerei

323 2400 749 2466 werefrequently
770 2410 879 2452 sent
901 2418 955 2451 as
976 2408 1199 2466 presents
1221 2417 1287 2449 on
1311 2401 1397 2450 the
1420 2401 1722 2449 Saturnalia
1745 2401 1810 2463 by
1834 2398 1919 2447 the
1943 2414 2124 2462 poorer
2149 2396 2324 2446 clients

320 2487 376 2530 to
397 2482 525 2530 their
547 2483 761 2546 patroni.
830 2483 1010 2532 Hence
1034 2482 1236 2531 Martial
1259 2493 1296 2530 v
1326 2485 1384 2532 18
1399 2501 1483 2533 :—

643 2591 778 2653 quod
802 2590 897 2638 tibi
926 2590 1190 2638 Decembri
1220 2604 1396 2648 mense,
1434 2605 1530 2653 quo
1560 2588 1735 2640 volant
1764 2596 1984 2653 mappae,

637 2668 939 2732 gracilesque
966 2668 1149 2731 ligulae
1181 2668 1451 2731 cereique
1481 2668 1786 2732 chartaeque.

418 2785 548 2838 qma
568 2785 742 2830 multa
755 2781 800 2843 ⁴1]
834 2797 901 2830 sc.
930 2796 1257 2837 commemora,
1282 2780 1364 2830 i.e.
1393 2787 1455 2829 ut
1478 2780 1687 2845 paucis
1708 2779 1920 2836 dicam,
1945 2778 2116 2843 5591.
2141 2794 2190 2827 a.

415 2868 454 2912 1.
489 2869 566 2913 24.
632 2867 969 2914 multitudini
999 2863 1190 2925 emor]
1240 2879 1320 2928 cp.
1361 2865 1425 2913 de
1465 2871 1568 2928 pet.
1608 2879 1746 2912 cons.
1787 2865 1814 2923 5
1853 2879 1915 2912 10
1951 2863 2031 2910 M.
2076 2860 2323 2909 Marius

326 2947 755 3004 Gratidianus,
796 2947 935 2995 homo
970 2947 1257 2997 carissimus
1277 2947 1464 3012 populo
1497 2947 1723 2994 Romano
1753 2961 1787 2993 a
1825 2945 2050 2993 Catilina
2082 2958 2247 2992 caesus
2276 2948 2323 2989 et

315 3029 648 3079 medelessime
667 3029 861 3077 occisus.

413 3215 443 3275 5
477 3220 577 3276 81,
607 3217 644 3263 1.
683 3218 760 3263 24.
826 3216 958 3263 haec
990 3217 1118 3263 eunt
1150 3225 1287 3272 quae
1322 3213 1657 3273 conturbent]
1692 3212 1860 3262 ‘these
1895 3227 1978 3261 are
2011 3211 2096 3260 the
2133 3215 2235 3258 sort
2267 3208 2326 3257 of

317 3311 456 3346 cases
477 3296 586 3345 that
607 3294 850 3360 perplex‚’
872 3297 901 3356 5
922 3295 1043 3356 401.
1070 3311 1147 3359 23.

412 3383 452 3428 1.
475 3366 551 3429 26.
618 3391 726 3428 non
746 3382 829 3427 ita
849 3378 1123 3438 magnum]
1158 3378 1238 3427 i-e.
1269 3379 1384 3427 ‘not
1407 3393 1463 3426 so
1485 3393 1605 3441 very
1625 3375 1801 3441 great,'
1827 3389 1870 3425 11
1895 3377 1923 3435 5
1950 3391 2008 3442 19
2032 3388 2211 3437 neque
2229 3372 2318 3420 ita

316 3461 475 3510 mullo
494 3466 622 3524 post,
656 3460 792 3509 Brut.
830 3461 859 3520 5
891 3475 985 3522 244
1016 3475 1136 3508 non
1166 3460 1253 3507 ita
1285 3460 1481 3519 multos,
1508 3465 1632 3508 orat.
1669 3460 1697 3518 5
1730 3473 1792 3524 59
1815 3472 1965 3505 rarus
1986 3457 2198 3504 incessus
2220 3467 2320 3501 nec

316 3543 411 3592 ita
447 3542 638 3606 longus,
682 3532 746 3590 de
785 3548 889 3589 nat.
928 3541 1066 3590 deor.
1102 3552 1121 3589 1
1155 3542 1182 3601 5
1216 3539 1278 3591 86
1319 3540 1681 3605 quibus—non
1722 3538 1814 3587 ita
1857 3536 1997 3585 valde
2037 3540 2310 3591 moventur,
