2685 3938
716 212 1027 271 NOTES
1105 214 1285 270 BOOK
1319 212 1420 269 III
1451 229 1486 268 c
1517 229 1551 267 v
1578 213 1638 286 §5
1669 229 1741 286 23
1777 230 1854 283 24
2219 229 2288 287 77
2366 169 2371 173 ι

371 387 471 432 hoc
504 387 664 433 officit
693 386 817 442 ipsa
846 387 1074 433 naturae
1106 384 1272 444 ratio]
1305 384 1384 433 i.e.
1416 385 1547 432 ratio
1574 400 1698 447 quae
1724 386 1848 433 inest
1869 385 1925 432 in
1949 384 2057 447 ipsa
2080 391 2289 445 natura,

276 473 407 515 recta
445 466 591 530 (atio,
628 466 716 515 hoc
753 465 1038 525 declarat,
1079 466 1271 523 docet,
1306 466 1526 529 probat
1561 464 1693 514 ‘this
1722 464 1919 515 follows
1960 466 2125 514 from.'
2195 467 2294 514 For

278 548 378 596 this
410 546 648 611 meaning
679 547 738 596 os
762 548 935 612 efficere
965 563 1045 612 cp.
1073 559 1090 596 1
1119 549 1147 608 5
1187 547 1292 598 160.
1367 549 1415 596 It
1449 548 1492 596 is
1523 546 1757 596 followed
1791 548 2078 596 sometimes
2111 548 2178 611 by
2211 549 2294 596 the

277 645 381 678 acc.
408 629 507 678 and
538 629 798 687 infinitive,
824 646 961 679 more
992 630 1269 694 frequently
1291 630 1361 692 by
1382 637 1441 677 ut
1471 630 1784 678 consecutive
1814 646 1871 678 or
1892 629 2147 680 definitive
2170 630 2293 680 with

279 707 364 756 the
387 708 715 771 subjunctive,
745 708 955 756 Kiihner
978 708 1128 757 Tusc.
1155 720 1174 755 1
1199 707 1225 764 5
1252 719 1330 772 77.
1398 708 1539 768 ipsa]
1564 706 1786 756 ‘direct.'

376 792 603 838 naturae
625 791 783 849 ratio,
811 802 948 848 quae
971 793 1056 838 eat
1076 794 1165 839 lex
1186 792 1293 838 div.
1318 794 1376 838 et
1396 788 1565 849 hum]
1605 790 1619 813 ‘
1638 788 1723 837 the
1746 789 1958 837 rational
1977 790 2220 854 principle
2243 791 2294 839 in

278 878 454 918 nature
496 869 636 918 itself
685 872 846 919 which
892 872 934 922 is
986 871 1270 936 equivalent
1316 879 1370 920 to
1414 872 1582 920 divine
1626 871 1726 919 and
1771 869 1959 918 human
1998 871 2132 921 law.’
2199 872 2293 937 Cp.

279 951 497 1015 Diogen.
517 951 684 1000 Laert.
701 963 782 999 vn
808 954 889 1011 88,
917 953 1081 1001 where
1106 953 1415 1017 Chrysippus
1437 953 1551 1001 bids
1574 968 1631 1001 us
1654 952 2046 1013 ὁμολογουμένως
2066 952 2130 1014 τῇ
2151 956 2294 1015 φύσει

279 1034 387 1092 ζῆν·
421 1034 540 1095 ὅπερ
562 1034 668 1081 ἐστὶ
689 1031 797 1082 κατ’
822 1037 993 1097 ἀρετὴν
1019 1037 1165 1084 αὑτοῦ
1189 1037 1266 1085 καὶ
1290 1038 1415 1084 κατὰ
1430 1037 1519 1095 τὴν
1540 1037 1635 1083 τῶν
1660 1036 1802 1092 ὅλων,
1828 1036 1963 1083 οὐδὲν
1988 1037 2295 1098 ἐνεργοῦντας

280 1111 340 1162 ὧν
365 1117 680 1178 ἀπαγορεύειν
706 1118 865 1165 εἴωθεν
885 1117 911 1166 ό
933 1118 1074 1177 νόμος
1096 1118 1122 1167 ό
1146 1121 1311 1177 κοινός,
1340 1120 1494 1181 ὅσπερ
1517 1119 1646 1167 ἐστὶν
1677 1119 1701 1165 ὁ
1732 1119 1866 1180 ὀρθὸς
1888 1119 2032 1178 λόγος
2069 1121 2147 1166 διὰ
2177 1120 2293 1167 πάν-

280 1213 373 1242 των
398 1197 665 1258 ἐρχόμενος,
691 1197 716 1246 ὁ
740 1198 879 1247 αὐτὸς
903 1195 965 1246 ὦν
988 1195 1059 1259 τῷ
1080 1201 1159 1246 Διὶ
1187 1200 1484 1261 καθηγεμόνι
1514 1201 1668 1260 τούτῳ
1698 1201 1782 1258 τῆς
1813 1200 1907 1246 τῶν
1939 1201 2086 1247 ὄντων
2122 1203 2291 1260 διοική-

281 1296 398 1328 σεως
430 1277 549 1328 ὄντι.
617 1281 729 1329 The
759 1280 1022 1342 universal,
1050 1282 1419 1345 all-pervading
1445 1297 1637 1337 reason,
1662 1281 1747 1329 the
1778 1281 1994 1345 primaiy
2014 1281 2112 1331 law
2134 1283 2186 1331 in
2210 1282 2295 1331 the

279 1361 587 1425 community
609 1362 669 1410 of
694 1362 820 1425 gods
842 1363 941 1411 and
964 1379 1081 1415 men
1105 1364 1144 1423 (1
1170 1365 1197 1423 5
1224 1361 1353 1426 153),
1383 1362 1433 1410 in
1458 1364 1634 1412 Cicero
1661 1364 1741 1410 lex
1761 1379 1975 1422 summa,
2003 1380 2119 1412 vera
2151 1372 2299 1428 atque

179 1453 197 1469 ⁶
267 1443 512 1507 pn‘nceps‚
557 1443 735 1492 ultima
750 1460 775 1503 ‚·
810 1447 938 1494 ratio
972 1462 1169 1494 summa
1208 1446 1364 1493 insita
1401 1446 1459 1493 in
1495 1452 1700 1505 natura,
1741 1461 1866 1508 quae
1902 1446 2030 1492 iubet
2065 1462 2137 1502 ea,
2171 1461 2297 1508 quae

261 1524 508 1589 facienda
537 1532 671 1582 sunt,
695 1527 1013 1592 prohibetque
1038 1528 1290 1576 contraria
1324 1527 1388 1575 de
1421 1525 1519 1589 leg.
1557 1538 1575 1573 1
1609 1528 1636 1585 5
1668 1528 1743 1575 18.
1813 1527 1907 1590 Cp.
1933 1528 1996 1575 de
2023 1533 2136 1575 nat.
2150 1527 2286 1576 deor.

281 1620 322 1655 11
345 1610 373 1667 5
398 1618 460 1672 79
482 1608 719 1670 sequitur,
750 1616 810 1656 ut
828 1610 992 1658 eadem
1014 1611 1081 1657 sit
1104 1611 1159 1657 in
1185 1610 1256 1658 eis
1287 1607 1426 1672 (deis)
1456 1624 1581 1672 quae
1609 1607 1829 1655 humano
1861 1609 1918 1656 in
1944 1623 2117 1670 genere
2150 1608 2292 1664 ratio,

278 1689 438 1736 eadem
472 1689 655 1737 veritas
687 1690 945 1754 utrobique
970 1691 1043 1739 sit
1069 1691 1325 1754 eademque
1356 1688 1452 1745 lex,
1477 1704 1603 1752 quae
1633 1696 1706 1737 est
1736 1688 1856 1737 recti
1875 1691 2147 1753 praeceptio
2173 1698 2293 1752 pra-

278 1771 429 1833 vique
453 1769 685 1832 depulsa),
711 1771 833 1819 with
855 1771 919 1819 de
948 1772 1077 1834 legg.
1103 1783 1122 1819 1
1145 1772 1172 1830 5
1197 1786 1222 1818 2
1229 1786 1256 1833 3
1287 1776 1360 1818 est
1381 1769 1552 1832 igitur,
1579 1770 1814 1834 quoniam
1850 1771 1985 1818 nihil
2006 1777 2077 1819 est
2094 1762 2299 1818 'ratione

279 1851 453 1899 melius
483 1867 633 1915 eaque
658 1859 726 1901 est
752 1860 800 1901 et
827 1855 883 1901 in
913 1853 1113 1902 homine
1143 1859 1189 1900 et
1214 1854 1271 1901 in
1299 1853 1395 1908 deo,
1412 1853 1586 1916 prima
1616 1853 1810 1901 homini
1838 1870 1948 1901 cum
1981 1854 2062 1903 deo
2083 1855 2295 1902 rationis

277 1933 468 1982 societas
479 1949 506 1993 ,·
538 1934 670 1982 inter
689 1951 808 1999 quos
828 1942 990 1983 autem
1014 1934 1155 1991 ratio,
1183 1934 1317 1983 inter
1334 1949 1407 1983 eos
1427 1934 1579 1983 etiam
1603 1942 1728 1984 recta
1750 1936 1882 1984 ratio
1904 1936 2178 1983 communis
2198 1942 2270 1983 est
2277 1954 2294 1984 .-

279 2033 404 2082 quae
423 2033 536 2065 cum
558 2018 628 2065 sit
644 2018 739 2074 lex,
762 2018 860 2080 lege
878 2034 1067 2082 quoque
1087 2017 1347 2066 consociati
1367 2018 1582 2065 homines
1604 2034 1712 2065 cum
1744 2020 1844 2067 deis
1856 2020 2083 2082 putandi
2102 2034 2288 2079 sumus,

280 2098 350 2146 ib.
376 2110 419 2147 11
446 2101 622 2159 8—-10,
652 2115 755 2164 rep.
781 2111 847 2148 111
872 2114 950 2163 33.

377 2184 414 2229 1.
437 2187 481 2230 2.
555 2184 650 2239 qni
669 2183 1185 2243 vent—committet]
1219 2182 1296 2230 sor
1316 2183 1411 2246 qui
1430 2183 1569 2239 volet,
1595 2195 1614 2231 1
1637 2185 1665 2242 5
1689 2194 1768 2245 71,
1800 2195 1841 2231 11
1866 2184 1893 2242 5
1919 2195 1995 2244 72.

376 2266 415 2312 1.
440 2269 487 2312 8.
553 2276 844 2322 numquam
873 2267 1171 2313 committet
1201 2257 1577 2326 ut—appetai]
1616 2266 1630 2288 ‘
1646 2264 1750 2313 will
1780 2280 1929 2313 never
1960 2264 2024 2311 be
2053 2264 2214 2326 guilty
2242 2263 2298 2311 of

279 2344 551 2409 coveting.’
618 2346 1010 2395 Committere
1041 2354 1103 2396 ut
1132 2347 1316 2408 always
1350 2348 1402 2397 in
1435 2363 1466 2395 a
1497 2347 1596 2395 bad
1625 2362 1784 2403 sense,
1809 2348 1837 2406 5
1870 2345 1901 2396 6
1932 2347 1964 2395 l.
2000 2363 2075 2410 13,
2106 2357 2123 2393 ῐ
2151 2347 2177 2405 5
2209 2349 2288 2405 81,

281 2438 323 2476 11
349 2429 471 2489 550.

379 2602 407 2660 5
431 2604 534 2658 24,
558 2605 592 2650 1.
623 2607 668 2650 5.
730 2599 946 2661 etenim]
970 2614 1000 2648 a
1017 2598 1364 2648 confirmation
1379 2599 1447 2659 of,
1466 2606 1554 2648 not
1571 2615 1602 2648 a
1623 2598 1817 2662 ground
1839 2599 1932 2656 for,
1958 2598 2041 2648 the
2064 2601 2294 2665 previous

279 2689 562 2743 statement,
589 2683 676 2730 hoc
702 2682 844 2746 efficit
872 2689 958 2732 etc.
1032 2681 1094 2728 In
1123 2681 1208 2730 the
1239 2683 1473 2745 grandest
1505 2681 1689 2729 maxim
1723 2681 1782 2729 of
1809 2680 1894 2730 the
1927 2681 2089 2731 Stoics
2124 2683 2292 2742 ὁμολο-

279 2765 522 2826 γουμένως
543 2761 606 2825 ‘rii
626 2766 768 2826 φύσει
793 2766 891 2822 ζῆν,
915 2765 1055 2823 φύσις
1077 2778 1248 2811 means
1270 2779 1336 2812 on
1363 2762 1447 2812 the
1471 2779 1567 2812 one
1591 2763 1725 2811 hand
1752 2763 1837 2812 the
1854 2764 2101 2813 universal
2123 2764 2220 2814 law
2242 2766 2299 2814 of

279 2847 367 2895 the
388 2845 630 2904 universe,
659 2861 725 2893 on
749 2845 833 2892 the
855 2845 998 2893 other
1021 2843 1085 2893 its
1108 2860 1252 2908 copy,
1282 2844 1368 2893 the
1391 2844 1603 2892 rational
1627 2851 1801 2893 nature
1825 2843 1885 2892 of
1897 2860 2032 2892 man.

377 2931 415 2976 1.
461 2935 505 2979 6.
577 2927 821 2987 comitae]
865 2941 1004 2974 some
1041 2926 1160 2973 read
1195 2926 1538 2974 communitas·
1608 2925 1784 2974 Either
1822 2926 1986 2974 would
2025 2925 2089 2974 be
2134 2925 2185 2973 in
2230 2943 2293 2974 an

278 3009 602 3059 abbreviated
624 3007 750 3056 form
775 3007 970 3056 written
993 3007 1156 3054 coitas.
1215 3007 1312 3055 But
1335 3007 1550 3062 comitas,
1578 3006 1785 3063 iustitia,
1810 3006 2081 3055 liberalitas
2100 3022 2184 3055 are
2207 3007 2294 3055 the

281 3092 465 3141 virtues
487 3090 651 3140 which
673 3089 938 3139 constitute
960 3090 1047 3139 the
1068 3090 1289 3140 cardinal
1307 3089 1467 3139 virtue
1490 3092 1831 3148 communitas,
1862 3106 1944 3138 see
1968 3101 1987 3137 1
2010 3092 2038 3150 5
2065 3105 2173 3150 152.
2232 3092 2292 3139 In

279 3184 299 3220 1
335 3174 364 3232 5
402 3188 465 3222 20
499 3171 771 3220 liberalitas
804 3172 1058 3220 embraces
1096 3171 1306 3218 comitaS.
1378 3170 1475 3234 Cp.
1510 3172 1537 3229 5
1578 3172 1683 3230 118,
1722 3170 1786 3219 de
1821 3169 1903 3218 fin.
1941 3182 1977 3217 v
2011 3171 2039 3229 5
2071 3168 2133 3231 65
2166 3186 2293 3233 quae

278 3254 448 3302 animi
466 3253 667 3316 adfectio
686 3269 833 3301 suum
857 3253 1028 3315 cuique
1049 3252 1535 3301 tribuens-...iustitia
1557 3252 1760 3310 dicitur,
1788 3253 1876 3300 cui
1892 3258 2014 3299 sunt
2032 3250 2293 3300 adiunctae

267 3336 446 3398 pietas,
484 3334 689 3393 bonitas,
728 3333 1011 3391 liberalitas,
1060 3332 1354 3393 benignitas,
1395 3347 1509 3379 com
1521 3333 1642 3382 itas
1685 3348 1901 3396 quaeque
1942 3338 2065 3380 sunt
2100 3333 2294 3394 generis

276 3415 504 3464 eiusdem.
572 3414 685 3463 The
722 3421 824 3464 two
858 3413 1023 3461 words
1057 3412 1193 3462 often
1229 3412 1456 3462 coincide
1494 3414 1543 3460 in
1584 3413 1832 3476 meaning,
1865 3428 1918 3459 as
1954 3413 2059 3459 also
2098 3414 2295 3461 comiter

279 3496 379 3545 and
413 3497 752 3546 communiter.
825 3495 919 3559 Cp.
939 3511 991 3559 p.
1016 3495 1162 3544 Balb.
1187 3496 1215 3555 5
1239 3495 1317 3558 36.

374 3581 411 3626 1.
444 3584 490 3626 8.
558 3577 972 3638 comparantem]
1038 3577 1151 3625 The
1185 3592 1287 3625 acc.
1328 3576 1478 3624 refers
1512 3582 1566 3623 to
1603 3574 1688 3622 the
1724 3571 1979 3621 indefinite
2011 3571 2202 3632 subject
2238 3570 2297 3617 of
