2685 3938
39 3352 235 3403 :xxn

285 279 389 339 ΙΙΙ
417 296 603 338 xxxu
639 299 664 338 1
681 276 779 360 13]
861 282 959 339 De
995 282 1336 340 contentione
1379 284 1624 341 Honesti
1659 291 1717 341 et
1763 283 1942 342 Utilis
2204 300 2274 359 51

280 462 372 511 est
421 450 695 525 hominiS,
748 451 854 510 sed
906 463 1257 528 temporum.
1347 454 1597 511 Nullum
1647 452 1807 511 enim
1856 452 2158 512 vinculum
2204 454 2282 511 ad

280 547 726 625 astringendam
761 548 945 607 fidem
977 547 1102 608 iure
1139 549 1392 609 iurando
1427 548 1680 609 maiores
1718 549 1899 608 artius
1927 569 2058 609 esse
2085 552 2282 609 volue—

278 657 433 705 runt.
520 647 597 706 Id
640 644 907 705 indicant
949 648 1108 724 leges
1151 646 1211 705 in
1255 648 1578 708 duodecim
1622 647 1854 716 tabuIiS,
1893 647 2161 707 indicant
2197 667 2284 706 sa-

279 755 493 816 cratae,
524 744 795 805 indicant
827 747 1084 818 foedera,
1116 746 1330 822 quibus
1366 744 1546 804 etiam
1585 764 1722 803 cum
1751 744 1925 805 hoste
1953 744 2283 804 devincitur

278 842 446 915 fides,
487 842 757 902 indicant
795 843 1073 902 notiones
1112 843 1779 916 animadversionesque
1816 862 2150 914 censorum,
2181 842 2282 919 qui
2310 862 2338 916 5

280 942 444 999 nulla
484 941 561 1000 de
601 960 665 1000 re
713 939 1052 1018 diligentius
1097 961 1278 1018 quam
1325 941 1403 1000 de
1450 940 1575 999 iure
1622 940 1874 1000 iurando
1919 939 2277 1001 iudicabant.

285 1058 417 1098 112.
503 1039 572 1097 L.
614 1038 847 1100 Manlio
885 1044 956 1099 A.
994 1040 1031 1100 f.
1074 1060 1212 1099 curn
1248 1038 1504 1099 dictator
1535 1038 1758 1113 fuisset,
1793 1040 1877 1098 M.
1913 1037 2281 1115 Pomponius

278 1135 546 1194 tribunus
601 1135 796 1211 plebis
850 1135 1013 1196 diem
1062 1136 1226 1207 dixit,
1278 1137 1445 1212 quod
1489 1134 1540 1194 is
1588 1155 1813 1212 paucos
1863 1135 1977 1196 sibi
2026 1136 2156 1194 dies
2204 1136 2282 1194 ad

276 1231 632 1292 dictaturam
668 1235 989 1309 gerendam
1023 1233 1355 1293 addidisset
1372 1256 1389 1308 3
1433 1233 1851 1293 criminabatur
1884 1232 2080 1304 etiam,
2119 1234 2280 1309 quod

276 1329 483 1388 Titum
520 1329 724 1403 filium,
755 1328 858 1407 qui
886 1341 1098 1407 postea
1127 1340 1218 1390 est
1245 1330 1959 1406 Torquatusappellatus,
1991 1330 2068 1388 ab
2096 1328 2282 1387 homi·
2312 1356 2373 1392 10

275 1426 454 1487 nibus
519 1429 834 1505 relegasset
894 1439 953 1488 et
1008 1427 1126 1487 ruri
1182 1427 1451 1488 habitare
1506 1427 1787 1487 iussisset.
1903 1428 2086 1502 Quod
2142 1447 2281 1486 cum

276 1522 600 1584 audivisset
640 1525 992 1584 adulescens
1034 1522 1187 1583 filius
1224 1524 1533 1601 negotium
1573 1523 1838 1583 exhiberi
1877 1523 2045 1600 patri,
2085 1543 2283 1582 accur-

275 1621 421 1681 risse
458 1623 721 1682 Romam
757 1633 818 1681 et
852 1611 994 1680 cum
1034 1620 1228 1698 primo
1266 1620 1385 1679 luci
1426 1620 1731 1697 Pomponi
1770 1622 2020 1679 domum
2048 1620 2281 1679 venisse

277 1719 507 1779 dicitur.
595 1717 713 1781 Cui
750 1740 886 1780 cum
926 1731 1082 1780 esset
1121 1718 1477 1793 nuntiatum,
1510 1717 1612 1795 qui
1641 1717 1805 1778 illum
1836 1717 2047 1777 iratum
2076 1719 2280 1776 allatu-

275 1836 406 1875 rum
455 1818 534 1876 ad
582 1836 650 1877 se
696 1816 922 1893 aliquid
971 1826 1180 1877 contra
1227 1828 1459 1892 patrem
1507 1814 1903 1886 arbitraretur,
1951 1813 2197 1874 surrexit
2246 1834 2280 1874 e
2313 1836 2369 1889 15

275 1915 496 1976 lectulo
533 1914 897 1992 remotisque
925 1914 1156 1975 arbitris
1185 1914 1263 1974 ad
1293 1934 1357 1975 se
1387 1914 1833 1975 adulescentem
1863 1912 2029 1973 iussit
2060 1913 2276 1974 venire.

277 2016 358 2072 At
394 2013 509 2087 ille,
550 2027 616 2075 ut
652 2014 949 2093 ingressus
990 2025 1096 2086 est,
1128 2013 1447 2073 confestim
1483 2013 1745 2091 gladium
1786 2013 2096 2073 destrinxit
2135 2012 2280 2072 iura-

274 2110 477 2188 vitque
516 2132 579 2172 se
619 2113 785 2172 illum
824 2113 1023 2176 statim
1059 2112 1523 2187 interfecturum,
1557 2112 1671 2172 nisi
1703 2112 1793 2171 ius
1821 2112 2136 2172 iurandum
2168 2110 2281 2170 sibi

277 2208 538 2269 dedisset
595 2229 658 2270 se
714 2221 942 2287 patrem
999 2210 1248 2269 missum
1304 2229 1437 2269 esse
1492 2212 1800 2269 facturum.
1889 2207 2109 2269 Iuravit
2164 2208 2280 2266 hoc

276 2316 492 2366 terrore
521 2319 764 2367 coactus
794 2306 1163 2384 Pomponius
1175 2328 1193 2381 3
1237 2327 1365 2367 rem
1392 2308 1470 2367 ad
1498 2309 1786 2385 populum
1815 2305 2042 2378 detulit,
2076 2304 2279 2364 docuit
2306 2328 2371 2364 20

273 2422 379 2461 cur
432 2402 542 2462 sibi
599 2423 780 2464 causa
834 2403 1118 2464 desistere
1168 2424 1411 2464 necesse
1461 2415 1636 2475 esset,
1689 2403 1983 2463 Manlium
2034 2402 2277 2462 missum

273 2501 429 2562 fecit.
488 2504 751 2563 Tantum
781 2502 1148 2580 temporibus
1177 2502 1292 2563 illis
1314 2503 1742 2563 iusiurandum
1766 2503 2015 2562 valebat.
2077 2503 2278 2577 Atque

274 2599 371 2660 hic
407 2602 480 2661 T.
525 2600 789 2660 Manlius
823 2601 896 2661 is·
910 2613 1017 2676 est,
1055 2602 1158 2678 qui
1197 2603 1274 2661 ad
1311 2600 1611 2661 Anienem
1652 2600 1825 2672 Galli,
1864 2621 2045 2678 quem
2085 2602 2162 2660 ab
2202 2619 2277 2659 eo

274 2709 629 2774 provocatus
685 2698 1002 2772 occiderat,
1054 2711 1265 2777 torque
1320 2702 1590 2761 detracto
1646 2720 1983 2777 cognomen
2031 2698 2272 2771 invenit,

272 2792 442 2854 cuius
496 2794 670 2855 tertio
725 2797 1038 2856 consulatu
1095 2796 1293 2856 Latini
1350 2799 1429 2857 ad
1477 2798 1748 2858 Veserim
1795 2797 1908 2857 fusi
1958 2809 2017 2858 et
2072 2798 2272 2876 fugati,
2303 2824 2364 2878 25

271 2910 523 2967 magnus
561 2891 647 2951 vir
682 2891 744 2951 in
780 2891 984 2969 primis
1023 2903 1101 2965 et,
1136 2893 1239 2970 qui
1278 2893 1698 2971 perindulgens
1737 2894 1799 2953 in
1837 2905 2084 2970 patrem,
2116 2894 2275 2954 idem

267 2988 484 3048 acerbe
512 3007 747 3048 severus
775 2988 838 3047 in
866 2989 1071 3049 filium.

398 3143 511 3191 and
532 3143 593 3206 by
620 3143 733 3191 that
761 3143 824 3207 of
842 3150 926 3192 ten
955 3145 1176 3193 Romans
1202 3152 1311 3193 sent
1338 3154 1470 3208 upon
1504 3147 1635 3195 their
1648 3149 1823 3211 parole
1850 3148 1910 3211 by
1938 3150 2206 3199 Hannibal
2229 3158 2278 3199 to

399 3225 552 3272 Rome
570 3224 703 3287 afler
720 3224 801 3272 the
821 3224 969 3273 battle
986 3224 1049 3289 of
1064 3225 1282 3274 Cannae.

398 3350 528 3406 113.
612 3331 749 3404 Sed,
794 3343 860 3392 ut
903 3334 1239 3392 laudandus
1282 3336 1550 3411 Regulus
1592 3335 1654 3394 in
1696 3340 2107 3398 conservando
2149 3338 2275 3399 iure

368 3503 427 3552 ¹3
453 3504 568 3537 cum
591 3489 752 3553 primo
773 3489 873 3538 luci
895 3490 959 3539 St
977 3491 1143 3539 Heine
1159 3491 1261 3538 filu
1278 3492 1353 3540 Be
1373 3491 1450 3539 Or
1500 3495 1520 3547 ΙΙ
1577 3459 1637 3540 aa
1668 3492 1838 3554 Atque
1859 3491 1941 3539 hic
1964 3493 2026 3539 T.
2054 3494 2274 3541 Manlius

261 3569 382 3618 —in
406 3569 564 3619 filiurn
586 3577 648 3619 ut
665 3572 898 3619 emblema
924 3572 1124 3620 seclusit
1150 3573 1249 3629 Ba,
1271 3572 1595 3635 suspicionem
1626 3574 1730 3621 iam
1760 3580 2018 3620 moverant
2037 3575 2272 3621 Emestr'o

1951 3670 2103 3722 4—-2
