2685 3938
409 237 482 274 20
873 217 971 273 De
1011 215 1355 272 contentione
1397 214 1649 272 Honesti
1681 220 1734 269 et
1783 212 1958 272 Utilis
2095 208 2222 291 [III
2255 229 2297 269 x
2326 212 2403 282 46

408 396 745 467 Damonem
771 416 830 466 et
854 402 1152 464 Phintiam
1177 405 1578 482 Pythagoreos
1597 405 1790 463 ferunt
1812 406 1929 463 hoc
1951 404 2153 463 animo
2174 403 2326 463 inter
2343 422 2407 462 se

405 503 601 575 fuisse,
632 514 713 578 ut,
745 523 880 574 cum
924 521 1128 562 eorum
1170 499 1337 561 alteri
1377 501 1699 578 Dionysius
1736 514 2016 578 tyrannus
2054 501 2215 562 diem
2243 502 2407 562 necis

407 600 821 662 destinavisset
849 611 910 661 et
938 600 1004 674 ie,
1036 599 1137 677 qui
1176 599 1353 659 morti
1381 600 1654 659 addictus
1682 611 1854 672 esset,
1886 620 2109 678 paucos
2140 600 2250 660 sibi
2279 600 2407 660 dies

408 699 1027 760 commendandorum
1058 717 1297 757 suorum
1326 717 1505 757 causa
1530 697 1964 776 postulavisset,
1988 718 2089 757 vas
2117 701 2305 758 factus
2335 698 2407 757 sit

409 798 556 856 alter
583 795 707 856 eius
737 794 1000 869 sistendi,
1025 804 1108 867 ut,
1133 795 1181 853 si
1203 795 1300 864 ille
1323 815 1447 853 non
1476 795 1823 866 revertisset,
1848 794 2223 854 moriendum
2253 806 2410 855 esset
2437 817 2467 870 5

409 893 537 971 ipsi.
624 893 742 969 Qui
785 912 922 951 cum
977 895 1055 953 ad
1112 893 1271 953 diem
1329 913 1393 952 se
1447 892 1781 970 recepisset,
1834 891 2154 951 admiratus
2204 911 2407 952 eorum

409 993 588 1050 fidem
639 1002 916 1068 tyrannus
964 990 1190 1070 petivit,
1233 1002 1298 1050 ut
1349 1010 1413 1051 se
1458 993 1537 1061 ad
1592 991 1914 1050 amicitiam
1960 990 2193 1051 tertium
2238 991 2410 1050 ascri·

411 1092 635 1150 berent.
721 1093 815 1162 46.
883 1091 1036 1149 Cum
1076 1088 1249 1166 igitur
1281 1087 1363 1161 id,
1396 1090 1558 1165 quod
1596 1089 1738 1150 utile
1774 1088 2003 1149 videtur
2041 1088 2103 1148 in
2132 1086 2406 1160 amicitia,

409 1206 548 1246 cum
605 1205 695 1261 e0,
749 1188 912 1263 quod
961 1189 1280 1247 honestum
1330 1199 1436 1259 est,
1481 1198 1868 1265 comparatur,
1913 1185 2103 1245 iaceat
2144 1184 2410 1244 utilitatis

412 1284 655 1364 specieS‚
705 1287 896 1345 valeat
950 1286 1248 1347 honestas,
1353 1287 1507 1348 Cum
1565 1297 1763 1344 autem
1819 1284 1881 1342 in
1935 1282 2208 1354 amicitia,
2257 1303 2411 1359 quae
2444 1303 2507 1338 ιο

411 1386 662 1444 honesta
690 1403 811 1444 non
842 1395 994 1457 sunt,
1026 1387 1496 1462 postulabuntur,
1522 1382 1727 1460 religio
1758 1393 1816 1442 et
1843 1384 1991 1443 fides
2020 1394 2413 1461 anteponatur

411 1482 721 1542 amicitiae.
829 1481 925 1544 Sic
986 1483 1300 1543 habebitur
1356 1483 1423 1556 is,
1481 1501 1657 1558 quem
1726 1482 2102 1559 exquirimuS‚
2164 1481 2412 1542 dilectus

413 1581 586 1642 offici.

415 1784 652 1832 Political
677 1784 1036 1833 Communities
1061 1784 1317 1846 especially
1345 1783 1470 1832 have
1498 1784 1612 1832 been
1640 1783 1771 1847 often
1799 1784 1978 1831 drawn
2007 1789 2055 1832 to
2085 1785 2222 1832 what
2249 1784 2295 1833 is
2323 1785 2424 1833 bad

543 1867 603 1930 by
622 1867 703 1915 the
723 1874 1023 1930 appearance
1041 1866 1272 1931 qurqfit.

414 1951 682 2002 Instances.

310 2101 389 2149 XI
537 2085 654 2144 Sed
704 2082 970 2144 utilitatis
1019 2082 1218 2161 specie
1267 2082 1329 2142 in
1378 2083 1681 2161 republica
1731 2084 2073 2163 saepissime
2118 2098 2412 2164 peccatur,

417 2194 481 2241 ut
523 2182 584 2242 in
629 2180 903 2244 Corinthi
946 2180 1378 2242 disturbatione
1420 2179 1640 2241 nostri:
1696 2183 1896 2242 durius
1946 2182 2124 2243 etiam
2175 2183 2416 2245 Atheni·
2451 2203 2511 2256 15

417 2298 605 2351 enseS,
631 2277 732 2355 qui
760 2278 1054 2338 sciverunt
1081 2288 1148 2336 ut
1175 2277 1496 2355 AeginetiS‚
1521 2277 1624 2355 qui
1646 2280 1833 2338 classe
1856 2281 2149 2353 valebant,
2172 2281 2418 2360 pollices

418 2376 911 2455 praeciderentur.
999 2379 1144 2436 Hoc
1170 2376 1359 2435 visum
1397 2387 1486 2436 est
1521 2376 1702 2438 utile:
1743 2377 1919 2437 nimis
1955 2378 2116 2439 enim
2152 2380 2418 2441 immine-

418 2474 520 2534 bat
547 2486 789 2552 propter
815 2474 1317 2553 propinquitatem
1349 2476 1578 2552 Aegina
1606 2474 1867 2536 Piraeeo.
1936 2478 2052 2537 Sed
2080 2477 2227 2536 nihil
2256 2480 2417 2555 quod

419 2573 656 2636 crudele
713 2571 893 2633 utile:
969 2584 1058 2632 est
1113 2571 1273 2633 enim
1330 2573 1644 2632 hominum
1699 2586 1957 2646 naturae,
2015 2595 2194 2651 quam
2250 2576 2421 2652 sequi

421 2672 726 2742 debemus,
764 2670 1020 2730 maxime
1053 2670 1293 2731 inimica
1325 2671 1659 2732 crudelitas.
1746 2690 1840 2748 47.
1910 2675 2071 2733 Male
2106 2673 2283 2734 etiam
2318 2675 2420 2750 qui
2450 2697 2517 2732 20

421 2766 758 2845 peregrinos
812 2767 1054 2827 urbibus
1111 2765 1197 2826 uti
1251 2766 1570 2844 prohibent
1625 2788 1847 2845 eosque
1896 2768 2304 2841 exterminant,
2355 2782 2422 2829 ut

424 2868 662 2924 Pennus
696 2867 857 2944 apud
891 2876 1085 2943 patres
1121 2875 1369 2937 nostrOS,
1409 2864 1627 2943 Papius
1659 2885 1861 2944 nuper.
1884 2911 1896 2925 .
1951 2869 2112 2925 Nam
2147 2885 2276 2926 esse
2315 2885 2423 2944 pro

422 2963 568 3036 cive,
606 2964 708 3039 qui
751 2962 895 3022 civis
933 2975 1056 3023 n'on
1095 2962 1185 3035 sit,
1223 2969 1447 3023 rectum
1490 2961 1579 3022 est
1618 2983 1739 3022 non
1780 2964 1972 3036 licere,
2010 2983 2190 3040 quam
2228 2965 2420 3040 legem

423 3061 678 3119 tulerunt
735 3057 1152 3136 sapientissimi
1206 3060 1481 3118 consules
1532 3061 1777 3119 Crassus
1828 3071 1885 3119 et
1934 3062 2249 3120 Scaevola:
2314 3080 2424 3120 usu

423 3177 563 3218 vero
591 3156 751 3218 urbis
780 3156 1094 3234 prohibere
1121 3156 1460 3234 peregrinos
1490 3176 1632 3217 sane
1661 3158 2050 3217 inhumanum
2080 3169 2184 3219 est.
2454 3179 2518 3232 25

523 3379 554 3422 4
586 3360 743 3410 factus
773 3367 847 3409 est
874 3361 1002 3410 codd.
1031 3362 1166 3425 quod
1185 3362 1407 3410 servavit
1432 3363 1493 3409 St
1508 3363 1656 3425 plene
1678 3363 1989 3425 interpuncto
1999 3369 2114 3425 post
2132 3363 2279 3412 verba
2301 3364 2432 3414 inter

426 3458 480 3491 se
508 3441 682 3500 fuisse;
718 3441 875 3491 factus
907 3441 968 3491 sit
999 3443 1073 3491 Or
1099 3442 1180 3491 Ba
1216 3444 1372 3492 Heine
1401 3444 1502 3492 Mu
1513 3450 1629 3507 post
1658 3445 1957 3493 Manutium
2023 3447 2043 3502 ΙΙ
2110 3460 2171 3494 22
2208 3446 2430 3497 Fannius

427 3522 489 3570 St
513 3536 576 3570 ex
604 3523 780 3570 Beieri
797 3523 921 3570 coni.
