2685 3938
282 225 388 283 ΙΙΙ
421 241 463 281 Χ
496 219 599 304 45]
750 226 848 283 De
888 225 1223 283 contentione
1263 224 1516 283 Honesti
1549 229 1604 282 et
1651 223 1827 282 Utilis
2224 240 2297 297 19

283 399 666 474 supplantare
706 416 862 469 eum,
903 397 1148 473 quicum
1191 407 1394 467 certet,
1425 406 1528 455 aut
1569 415 1750 455 manu
1791 397 2091 471 depellere
2130 396 2298 454 nullo

284 495 470 553 modo
517 495 734 554 debet:
795 493 881 553 sic
926 493 989 551 in
1033 492 1156 552 vita
1201 493 1312 553 sibi
1361 512 1656 570 quemque
1705 504 1910 569 petere
1959 494 2124 568 quod
2172 511 2299 568 per·

284 591 471 651 tineat
500 593 577 651 ad
606 611 778 651 usum
810 610 933 650 non
964 591 1233 667 iniquum
1263 602 1370 661 est,
1403 591 1572 651 alteri
1602 592 1872 668 deripere
1901 590 1990 649 ius
2020 610 2142 650 non
2173 591 2299 651 est.'

282 723 478 787 Again,
505 725 633 772 Love
661 723 724 788 of
743 724 998 772 Friends
1020 740 1137 785 may
1155 723 1423 771 sometimes
1444 738 1585 770 cause
1607 738 1720 770 men
1742 729 1790 770 to
1809 738 1993 770 swerve
2000 721 2142 785 from
2166 723 2301 770 their

417 805 534 853 Dut
567 842 578 853 .

285 888 421 936 Rule
436 906 453 936 .·
484 822 655 936 ,ἰύζων
669 886 845 950 prefixr
868 887 1007 934 what
1031 903 1182 934 seems
1198 887 1476 951 profitable,
1507 888 1627 935 such
1657 903 1715 935 as
1743 887 1934 946 Riches,
1968 888 2219 942 Pleasure,
2249 893 2298 935 lo

419 969 499 1017 the
519 970 808 1034 obligations
829 969 891 1032 of
898 969 1236 1033 Fm'endsbz20;
1267 970 1379 1017 and
1392 984 1544 1017 never
1560 985 1696 1017 serve
1711 984 1744 1016 a
1750 968 1941 1032 friend
1955 976 2002 1017 to
2017 969 2099 1017 the
2120 969 2299 1033 injury

418 1053 480 1116 of
488 1054 569 1102 the
578 1054 768 1116 public,
792 1053 872 1101 tlze
894 1053 1066 1101 breach
1086 1053 1148 1117 of
1156 1051 1286 1100 one’s
1304 1052 1438 1111 oath,
1463 1069 1524 1099 or
1540 1052 1680 1100 other
1698 1052 1881 1099 solemn
1901 1059 2226 1115 engagement.

415 1172 509 1227 43.
598 1154 883 1210 Maxume
931 1163 1133 1211 autem
1180 1152 1599 1239 perturbantur
1649 1150 1843 1210 officia
1892 1151 1953 1209 in
2002 1140 2292 1224 amicitiiS,

287 1250 509 1328 quibus
534 1238 606 1310 'et
644 1270 768 1310 non
806 1250 1063 1310 tribuere
1100 1251 1263 1326 quod
1303 1262 1463 1310 recte
1502 1249 1694 1328 possis
1736 1261 1794 1309 et
1839 1248 2091 1309 tribuere
2119 1251 2295 1327 ‘quod
2324 1264 2353 1317 5

288 1368 416 1407 non
465 1346 539 1406 sit
585 1367 840 1424 aequum
892 1359 1100 1408 contra
1149 1347 1408 1407 officium
1467 1361 1570 1406 est.
1660 1348 1780 1407 Sed
1836 1345 2008 1405 huius
2063 1347 2293 1424 generis

287 1446 472 1506 totius
514 1447 691 1505 breve
733 1457 792 1506 et
834 1465 958 1505 non
1002 1444 1238 1505 difficile
1279 1442 1662 1523 praeceptum
1713 1456 1818 1504 est.
1907 1446 2077 1519 Quae
2135 1445 2295 1505 enim

286 1543 564 1604 videntur
598 1541 780 1615 utilia,
822 1544 1099 1617 honoreS,
1139 1541 1396 1615 divitiae,
1439 1546 1788 1621 voluptates,
1831 1553 2026 1603 cetera
2064 1542 2295 1621 generis

288 1644 574 1715 eiusdem,
616 1644 767 1702 haec
803 1641 1099 1702 amicitiae
1140 1662 1467 1719 numquam
1510 1643 1933 1719 anteponenda
1975 1632 2129 1702 sunt'.
2214 1646 2296 1701 At

287 1759 487 1817 neque
517 1751 724 1799 contra
760 1759 887 1799 rem
924 1738 1228 1818 publicam
1269 1758 1463 1815 neque
1501 1750 1712 1797 contra
1746 1737 1836 1797 ius
1876 1738 2187 1798 iurandum
2224 1760 2294 1798 ac
2327 1767 2387 1802 10

284 1838 471 1896 fidem
500 1835 675 1895 amici
704 1835 882 1895 causa
911 1836 996 1895 vir
1029 1838 1224 1896 bonus
1262 1836 1456 1908 faciet,
1490 1855 1581 1916 ne
1604 1835 1653 1894 si
1691 1834 1870 1894 iudex
1908 1836 2149 1912 quidem
2190 1834 2297 1895 erit

285 1936 367 1995 de
411 1935 543 2013 ipso
589 1934 803 1996 amico.
893 1936 1068 1994 Ponit
1118 1934 1277 1995 enim
1327 1922 1643 2013 personam
1693 1935 1871 1994 amici
1918 1954 2054 1996 cum
2104 1934 2297 1996 induit

282 2032 516 2092 iudicis.
601 2037 865 2093 Tantum
911 2033 1074 2093 dabit
1120 2032 1429 2106 amicitiae,
1478 2044 1543 2093 ut
1587 2054 1786 2094 veram
1835 2033 2011 2093 amici
2056 2053 2295 2093 causam

286 2152 421 2192 esse
457 2132 640 2198 malit,
670 2147 735 2191 ut
774 2134 1035 2193 orandae
1072 2130 1192 2192 litis
1230 2144 1482 2210 tempus,
1523 2133 1723 2208 quoad
1762 2152 1866 2210 per
1904 2134 2063 2209 leges
2102 2131 2291 2207 liceat,

284 2232 720 2291 accommodet.
758 2297 761 2298 ⁷
812 2252 908 2305 44.
970 2234 1125 2292 Cum
1155 2251 1296 2290 vero
1324 2230 1515 2290 iurato
1546 2231 1843 2290 sententia
1873 2229 2131 2290 dicenda
2167 2230 2291 2304 erit,
2329 2257 2385 2311 15

283 2327 625 2387 meminerit
654 2329 834 2388 deum
865 2348 928 2387 se
957 2328 1242 2388 adhibere
1272 2339 1502 2418 testem,
1535 2326 1599 2387 id
1638 2339 1743 2401 est,
1775 2340 1838 2387 ut
1878 2347 1989 2405 ego
2028 2326 2290 2402 arbitror,

284 2437 554 2486 mentem
593 2446 778 2499 suam,
821 2447 939 2504 qua
978 2426 1125 2486 nihil
1168 2424 1399 2486 homini
1444 2427 1608 2487 dedit
1654 2427 1802 2486 deus
1846 2426 1972 2505 ipse
2018 2426 2287 2487 divinius.

285 2524 502 2598 Itaque
544 2525 909 2601 praeclarum
953 2543 990 2582 a
1030 2521 1351 2583 maioribus
1394 2522 1732 2602 accepimus
1774 2543 2001 2583 morem
2047 2523 2294 2603 rogandi

282 2620 518 2690 iudiciS,
549 2620 599 2679 si
628 2640 765 2680 eum
794 2631 1149 2694 teneremuS‚
1182 2638 1349 2690 QVAE
1376 2639 1572 2681 SALvA
1605 2640 1753 2680 FIDE
1781 2639 2026 2682 FACERE
2064 2640 2287 2683 Possrr.

285 2718 468 2775 Haec
503 2715 732 2794 rogatio
769 2719 849 2777 ad
887 2737 959 2777 ea
994 2721 1265 2797 pertinet,
1297 2739 1451 2795 quae
1488 2721 1690 2797 paullo
1726 2732 1864 2780 ante
1894 2720 2016 2781 dixi
2044 2724 2294 2781 honeste
2322 2745 2386 2781 20

282 2813 482 2872 amico
513 2813 771 2873 aiudice
797 2834 975 2893 posse
1004 2815 1274 2875 concedi.
1362 2818 1519 2875 Nam
1551 2815 1599 2875 si
1628 2817 1831 2876 omnia
1857 2819 2130 2878 facienda
2157 2819 2293 2893 sint,

283 2930 441 2987 quae
489 2911 665 2972 amici
714 2913 911 2987 velint,
964 2933 1089 2973 non
1144 2913 1438 2974 amicitiae
1494 2916 1641 2973 tales
1697 2916 1803 2975 sed
1859 2915 2293 2976 coniurationes

279 3011 591 3086 putandae
619 3009 755 3068 sint.

659 3133 711 3181 T
699 3132 760 3181 lte
773 3133 1072 3197 fn‘endmip
1102 3134 1307 3184 between
1340 3136 1508 3185 Damo
1538 3137 1649 3186 and
1672 3139 1930 3188 Phintias.

412 3247 506 3305 45.
595 3230 839 3304 Loquor
868 3219 1096 3290 ’autem
1160 3234 1238 3293 de
1297 3234 1714 3295 communibus
1778 3236 2089 3296 amicitiis:
2151 3255 2291 3294 nam

282 3326 351 3385 in
419 3325 788 3404 sapientibus
844 3327 982 3387 viris
1045 3330 1440 3407 perfectisque
1507 3330 1651 3390 nihil
1707 3344 1904 3409 potest
1958 3350 2089 3391 esse
2153 3331 2288 3390 tale.
2320 3343 2380 3396 25

392 3469 448 3518 15
478 3459 692 3507 dicenda
718 3467 792 3507 est
821 3460 905 3507 Ba
936 3468 1130 3509 auctore
1158 3463 1346 3517 Lund;
1377 3462 1592 3509 dicenda
1620 3466 1683 3509 sit
1714 3465 1787 3509 Be
1816 3464 1862 3509 Z
1894 3463 1970 3508 Or
1986 3477 2098 3508 cum
2125 3461 2279 3530 cofld.;

282 3537 501 3587 dicenda
521 3539 614 3587 erit
634 3539 794 3585 Heine
850 3541 868 3594 ΙΙ
931 3539 989 3587 16
1011 3540 1196 3588 habere
1218 3541 1281 3599 bc,
1307 3540 1606 3587 Lactantius
1628 3537 1748 3585 ΛΙαῖ

1975 3629 2124 3664 2——2
