2685 3938
274 2764 354 2814 111

382 235 419 285 4
840 219 939 276 De
974 221 1314 277 contentione
1356 220 1608 277 Honesti
1642 226 1700 277 et
1749 220 1923 279 Utilis
2098 216 2227 299 [ΙΙΙ
2260 236 2307 276 11
2339 239 2375 295 9

384 387 561 447 miror
588 408 623 445 a
654 386 978 447 Posidonio
1006 387 1259 447 breviter
1287 408 1416 447 esse
1455 399 1678 448 tactum
1718 387 1780 472 in
1820 388 2181 466 quibusdam
2219 399 2381 450 com'-

382 484 698 557 mentariiS,
730 484 1073 563 praesertim
1102 505 1240 545 cum
1270 486 1486 545 scribat
1515 487 1740 545 nullum
1772 502 1901 546 esse
1929 488 2127 546 locum
2158 486 2220 546 in
2255 497 2383 548 tota

382 583 758 660 philosophia
806 596 924 642 tam
959 583 1416 668 necessariums
1478 603 1528 659 9.
1598 582 1853 643 Minime
1902 603 2044 643 vero
2092 584 2382 645 assentior

383 680 482 750 εἰς,
522 678 626 756 qui
663 690 882 756 negant
921 700 1054 739 eum
1097 682 1293 740 locum
1331 700 1371 740 a
1408 679 1694 739 Panaetio
1739 681 2232 758 praetermissum,
2273 683 2380 743 sed

384 779 655 839 consulto
683 779 950 839 relictum
979 799 1093 839 nec
1121 779 1369 839 omnino
1407 779 1783 839 scribendum
1815 779 2010 852 fuisse,
2044 780 2183 856 quia
2212 800 2380 840 num·
2408 807 2436 860 5

383 898 562 955 quam
598 891 800 957 posset
839 878 1060 938 utilitas
1097 898 1234 938 cum
1273 880 1585 937 honestate
1628 896 1906 955 pugnare.
1994 880 2090 938 De
2135 899 2257 955 quo
2302 881 2381 939 al-

382 989 568 1036 terum
626 988 822 1055 potest
879 978 1095 1037 habere
1151 976 1604 1048 dubitationem,
1663 975 2153 1036 adhibendumne
2207 977 2379 1037 fuerit

381 1075 498 1134 hoc
534 1095 737 1152 genuS‚
768 1076 933 1151 quod
970 1077 1032 1134 in
1071 1075 1362 1135 divisione
1401 1074 1647 1135 Panaeti
1684 1074 1922 1135 tertium
1956 1086 2065 1149 est,
2096 1092 2173 1135 an
2202 1078 2379 1154 plane

382 1174 793 1246 omittendum,
835 1178 1078 1234 alterum
1121 1174 1376 1235 dubitari
1415 1194 1536 1235 non
1582 1185 1795 1252 potest,
1835 1174 1977 1251 quin
2017 1194 2053 1233 a
2093 1176 2379 1236 Panaetio

382 1282 720 1350 susceptum
750 1272 843 1342 sit,
872 1273 979 1332 sed
1008 1271 1293 1332 relictum.
1382 1275 1540 1331 Nam
1570 1273 1672 1349 qui
1700 1292 1735 1332 e
1765 1271 2054 1332 divisione
2095 1272 2381 1351 tripertita
2411 1297 2471 1333 10

381 1372 530 1431 duas
584 1382 781 1448 partes
834 1369 1168 1441 absolverit,
1217 1369 1358 1431 huic
1412 1389 1657 1430 necesse
1713 1381 1804 1430 est
1859 1384 2076 1430 restare
2125 1370 2374 1432 tertiam.

382 1472 689 1527 Praeterea
739 1465 802 1526 in
852 1478 1112 1527 extremo
1161 1466 1311 1528 libro
1362 1466 1534 1528 tertio
1580 1468 1658 1527 de
1701 1468 1815 1528 hac
1858 1477 2022 1545 parte
2066 1467 2380 1545 pollicetur

379 1584 443 1625 se
483 1565 764 1642 deinceps
806 1582 935 1623 esse
977 1563 1288 1623 dicturum.
1381 1584 1468 1627 10.
1536 1563 1789 1631 Accedit
1832 1565 2045 1623 eodem
2088 1564 2253 1625 testis
2295 1569 2380 1626 lo-

380 1665 581 1741 cuples
630 1662 1004 1734 PosidoniuS,
1055 1663 1158 1739 qui
1206 1663 1385 1725 etiam
1434 1663 1637 1725 scribit
1691 1662 1754 1723 in
1809 1663 2067 1739 quadam
2124 1663 2388 1740 epistola,

380 1765 444 1822 P.
489 1762 779 1822 Rutilium
820 1763 1041 1821 Rufum
1083 1761 1278 1821 dicere
1319 1763 1526 1832 solere,
1558 1761 1662 1838 qui
1702 1761 2052 1822 Panaetium
2090 1761 2373 1834 audierat,
2408 1779 2468 1832 15

377 1871 443 1920 ut
490 1879 669 1919 nemo
718 1859 907 1938 pictor
953 1871 1109 1919 esset
1157 1859 1449 1929 inventuS,
1501 1857 1605 1935 qui
1660 1857 1723 1917 in
1780 1859 1911 1919 Coa
1960 1862 2195 1919 Venere
2245 1878 2376 1918 eam

376 1971 621 2038 partem,
668 1977 848 2034 quam
894 1957 1135 2034 Apelles
1182 1956 1521 2017 incohatam
1567 1956 1913 2034 reliquisset,
1962 1956 2378 2017 absolveret—

375 2057 491 2115 oris
519 2055 680 2116 enim
708 2053 1084 2133 pulchn'tudo
1110 2053 1321 2130 reliqui
1350 2053 1611 2132 corporis
1639 2052 1912 2113 imitandi
1948 2073 2116 2132 spem
2157 2057 2378 2115 aufere-

376 2151 643 2214 bat—sic
683 2171 769 2225 ea,
810 2170 964 2228 quae
1003 2151 1321 2211 Panaetius
1362 2150 1846 2228 praetermisisset
1890 2149 1977 2231 [et
2021 2171 2144 2211 non
2189 2154 2379 2229 perfe-

371 2248 590 2331 cisset]‚
612 2262 851 2328 propter
873 2241 1247 2342 eomquilae
1265 2226 2045 2325 perfecisseglpraestantiam
2065 2248 2372 2310 neminem
2404 2276 2470 2312 20

373 2361 763 2428 persecutum.

372 2482 426 2529 It
457 2482 502 2530 is
532 2497 566 2530 a
596 2481 833 2545 question,
866 2480 1099 2537 however,
1129 2480 1350 2530 whether
1379 2480 1655 2529 Panaetius
1684 2480 1779 2529 did
1803 2481 1923 2529 well
1950 2481 2009 2529 in
2030 2481 2305 2545 propassus
2328 2489 2378 2530 to

501 2563 724 2612 consider
747 2563 883 2611 this.-
916 2562 1108 2611 because
1137 2564 1271 2611 tkere
1300 2578 1453 2611 never
1478 2579 1571 2611 can
1600 2564 1653 2611 be
1680 2579 1782 2626 any
1813 2565 1923 2612 real
1945 2564 2139 2629 ταμία
2167 2564 2376 2614 bema

500 2646 816 2709 Expediency
834 2645 945 2692 and
959 2646 1134 2694 Moral
1150 2645 1424 2705 Rectitude,

501 2772 526 2810 1
542 2773 588 2811 1.
676 2752 874 2825 Quam
924 2753 1003 2811 ob
1052 2770 1178 2810 rem
1227 2753 1304 2811 de
1359 2749 1582 2814 iudicio
1639 2750 1885 2811 Panaeti
1940 2749 2196 2812 dubitari
2250 2771 2374 2812 non

372 2860 606 2926 potest3
639 2860 875 2909 rectene
904 2858 1106 2909 autem
1135 2851 1290 2908 hanc
1319 2848 1551 2908 tertiam
1580 2859 1807 2927 partem
1835 2849 1915 2909 ad
1943 2849 2373 2926 exquirendum

371 2947 628 3007 officium
658 2946 990 3006 adiunxerit
1017 2965 1095 3007 an
1123 2965 1313 3018 secuS,
1346 2947 1423 3008 de
1452 2967 1525 3008 eo
1553 2948 1801 3007 fortasse
1832 2945 2118 3025 disputari
2154 2958 2369 3026 potest.

370 3047 527 3104 Nam
578 3044 701 3105 sive
745 3045 1063 3105 honestum
1110 3046 1302 3105 solum
1356 3048 1581 3104 bonum
1632 3055 1740 3117 est,
1787 3055 1853 3104 ut
1897 3044 2110 3106 Stoicis
2156 3046 2370 3123 placet,
2401 3064 2462 3117 25

300 3151 331 3197 Ἃ
369 3143 510 3214 sive,
543 3143 709 3219 quod
736 3143 1054 3202 honestum
1089 3153 1196 3214 est,
1227 3141 1289 3201 id
1327 3140 1410 3201 ita
1448 3161 1747 3202 summum
1788 3142 2014 3201 bonum
2055 3153 2159 3215 est,
2190 3162 2371 3219 quem

366 3241 445 3300 ad
483 3241 730 3299 modum
772 3237 1174 3317 Peripateticis
1213 3237 1420 3299 vestris
1453 3237 1698 3311 videtur,
1731 3248 1796 3298 ut
1836 3237 2039 3299 omnia
2076 3258 2152 3298 ex
2188 3240 2374 3299 altera

466 3393 527 3449 19
558 3380 705 3429 verba
726 3386 776 3428 et
797 3394 900 3428 non
922 3378 1205 3444 perfecisset
1226 3393 1353 3442 quae
1373 3378 1552 3426 desunt
1566 3378 1625 3427 in
1637 3377 1902 3426 nonnullis
1920 3378 2048 3426 codd.
2072 3378 2377 3427 secluserunt

364 3464 448 3513 Ba
481 3464 647 3512 Heine
676 3462 777 3510 Mu
842 3465 862 3519 ΙΙ
930 3476 993 3510 20
1026 3462 1276 3510 neminem
1303 3468 1615 3525 persecutum
1645 3461 1709 3509 St
1735 3461 1901 3508 Heine
1931 3461 2013 3510 Lu
2044 3476 2154 3508 cum
2184 3461 2378 3524 aliquot

363 3548 488 3596 codd.
500 3583 515 3607 ,
542 3561 650 3595 esse
673 3550 983 3608 persecutum
1004 3545 1150 3609 vulgo
