2685 3938
338 139 439 197 III
471 157 560 198 vu
592 160 625 214 3
635 136 698 218 3]
796 142 894 198 De
931 142 1273 199 contentione
1312 140 1559 197 Honesti
1596 146 1650 195 et
1702 140 1879 198 Utilis
2271 157 2339 212 13

332 323 511 388 atque
567 312 854 391 appetitio
909 312 1102 383 alieni,
1153 313 1261 372 sed
1317 311 1651 372 communis
1706 310 1974 372 utilitatis
2031 311 2340 373 derelictio

332 420 542 469 contra
578 422 847 470 naturam
888 422 995 481 est,
1031 420 1122 470 est
1149 410 1308 470 enirn
1340 409 1571 469 iniusta.
1661 428 1755 487 31.
1827 410 2038 485 Itaque
2078 410 2174 468 lex
2215 407 2343 487 ipsa

330 518 594 582 naturae,
649 526 802 583 quae
850 508 1165 569 utilitatem
1223 508 1534 567 hominum
1584 517 1895 567 conservat
1944 516 2003 567 et
2052 505 2339 579 continet,

333 604 615 664 decernet
654 606 942 681 profect0‚
983 616 1048 664 ut
1084 606 1160 664 ab
1199 604 1446 666 homine
1482 604 1654 665 inerti
1694 616 1873 682 atque
1912 604 2104 664 inutili
2139 607 2215 665 ad
2257 625 2342 665 sa-

332 703 613 778 pientem,
636 704 878 774 bonum,
899 704 1112 763 fortem
1135 702 1322 762 virum
1346 705 1770 763 transferantur
1795 723 1888 763 res
1917 704 1995 762 ad
2017 704 2339 763 vivendum
2370 726 2395 777 5

335 798 720 872 necessariae,
764 799 868 876 qui
910 798 960 859 si
1002 798 1303 872 occiderit,
1336 802 1590 859 multum
1628 801 1704 860 de
1739 801 2048 862 communi
2089 801 2341 862 utilitate

334 895 915 956 detraxerit—modo
945 899 1062 957 hoc
1091 897 1170 957 ita
1204 898 1398 971 faciat,
1430 909 1495 957 ut
1535 917 1609 957 ne
1649 897 1778 975 ipse
1818 900 1893 958 de
1923 918 1986 959 se
2015 899 2169 958 bene
2199 898 2343 958 exis-

334 993 550 1052 timans
598 1013 846 1071 seseque
889 993 1142 1071 diligens
1185 997 1341 1056 hanc
1383 1015 1625 1055 causam
1666 997 1885 1056 habeat
1926 998 2018 1055 ad.
2047 995 2339 1056 iniuriam.

335 1093 430 1152 Ita
467 1112 700 1170 semper
736 1093 933 1153 officio
971 1085 1245 1171 fungetur
1283 1093 1524 1154 utilitati
1560 1097 1880 1154 consulens
1920 1094 2231 1154 hominum
2282 1106 2341 1154 et

333 1188 404 1261 ei,
436 1210 615 1267 quam
656 1210 832 1268 saepe
862 1180 1286 1263 commemoro,
1317 1192 1616 1251 humanae
1646 1191 1929 1251 societati.
2372 1205 2431 1240 10

794 1313 984 1362 Second
1004 1314 1122 1361 Case
1144 1312 1429 1361 considered
1443 1312 1554 1360 and
1564 1311 1880 1361 determinea'.

455 1441 549 1498 32.
612 1423 772 1481 Nam
812 1423 977 1498 quod
1019 1423 1099 1481 ad
1139 1420 1437 1480 Phalarim
1478 1418 1705 1491 attinet,
1737 1418 2013 1497 perfacile
2053 1419 2339 1480 iudicium

332 1529 438 1579 est.
527 1520 708 1578 Nulla
747 1529 837 1578 est
874 1517 1034 1577 enim
1075 1515 1326 1577 societas
1357 1516 1531 1577 nobis
1572 1536 1709 1576 cum
1745 1517 2023 1592 tyranniS,
2056 1528 2113 1576 et
2141 1518 2339 1595 potius

331 1637 565 1678 summa
621 1616 926 1678 distractio
972 1627 1078 1688 est,
1127 1635 1325 1692 neque
1375 1626 1465 1675 est
1515 1626 1724 1675 contra
1768 1626 2038 1674 naturam
2085 1616 2340 1692 spoliare

330 1736 487 1785 eum,
518 1716 567 1776 si
594 1716 802 1795 possiS,
835 1736 1015 1793 quem
1046 1727 1135 1775 est
1166 1718 1484 1775 honestum
1525 1734 1757 1787 necare,
1789 1725 1971 1791 atque
2001 1716 2117 1775 hoc
2159 1735 2339 1776 omne

328 1835 516 1892 genus
552 1814 895 1893 pestiferum
933 1824 1113 1889 atque
1151 1813 1402 1891 impium
1445 1833 1517 1873 ex
1555 1811 1869 1873 hominum
1909 1813 2339 1874 communitate
2369 1835 2427 1886 15

329 1911 846 1972 exterminandum
890 1920 995 1973 est.
1085 1909 1324 1971 Etenim
1369 1921 1435 1969 ut
1478 1910 1749 1971 membra
1794 1910 2090 1986 quaedam
2135 1931 2339 1990 ampu-

328 2021 544 2079 tantur,
584 2010 633 2069 si
679 2022 736 2070 et
782 2009 910 2088 ipsa
957 2009 1242 2087 sanguine
1282 2022 1341 2069 et
1381 2022 1686 2087 tamquam
1727 2008 1933 2087 spiritu
1973 2029 2171 2070 carere
2208 2030 2339 2070 coe·

329 2119 563 2185 petunt,
617 2118 676 2167 et
733 2117 956 2166 nocent
1011 2105 1250 2183 reliquis
1307 2107 1575 2185 partibus
1631 2105 1911 2184 corporiS,
1971 2106 2055 2166 sic
2110 2104 2221 2166 ista
2277 2108 2337 2167 in

327 2206 515 2281 figura
569 2202 828 2262 hominis
890 2202 1084 2263 feritas
1146 2213 1206 2262 et
1267 2203 1587 2263 inmanitas
1655 2204 1866 2263 beluae
1932 2223 1969 2262 a
2033 2204 2338 2264 communi

327 2312 633 2379 tamquam
703 2300 1072 2361 humanitate
1145 2304 1410 2381 corporis
1480 2302 1847 2380 segreganda
1916 2311 2020 2361 est.
2136 2302 2336 2363 Huius
2363 2323 2428 2359 20

325 2398 557 2477 generis
595 2397 976 2475 quaestiones
1016 2408 1154 2458 sunt
1193 2418 1405 2459 omnes
1442 2419 1565 2470 eae,
1598 2399 1659 2458 in
1702 2398 1920 2475 quibus
1959 2418 2032 2458 ex
2070 2409 2337 2476 tempore

327 2496 590 2557 officium
620 2493 956 2572 exquiritur.

323 2632 457 2681 Such
480 2648 567 2682 are
588 2632 670 2682 the
690 2633 822 2681 kind
834 2632 896 2697 of
915 2633 1120 2698 suojects
1139 2633 1304 2683 which
1325 2634 1604 2683 Panaetius
1626 2634 1864 2683 intended
1877 2640 1925 2683 to
1951 2635 2075 2683 have
2096 2635 2344 2684 discussed

455 2714 514 2761 in
536 2714 619 2763 his
639 2714 839 2763 treatise
863 2730 928 2763 on
957 2714 1124 2763 moral
1146 2715 1450 2779 obligations.
1532 2716 1696 2764 Cicero
1714 2715 1953 2779 professes
1982 2715 2063 2765 his
2091 2716 2260 2781 desig-n
2290 2724 2337 2766 to

433 2795 608 2860 finish
630 2795 768 2843 what
786 2795 899 2843 that
919 2794 1242 2860 Plzz‘losoplzer
1261 2796 1352 2862 left
1373 2797 1635 2862 imperfect.

323 2879 407 2928 He
428 2894 713 2927 commences
732 2878 859 2927 with
881 2879 962 2927 the
989 2880 1237 2929 Postulate
1257 2879 1372 2927 that
1399 2880 1686 2928 Honestum
1710 2880 1757 2928 is
1785 2880 1879 2929 the
1907 2881 2046 2944 only
2063 2897 2122 2929 or
2140 2887 2196 2929 at
2216 2882 2338 2929 least

453 2961 548 3010 the
569 2960 738 3027 chief
754 2961 915 3021 Good,
940 2961 984 3010 it
998 2962 1148 3025 being
1158 2961 1583 3026 immaterial,for
1597 2961 1679 3010 his
1688 2969 1891 3025 present
1899 2969 2113 3026 purpose
2128 2969 2183 3011 at
2199 2964 2335 3019 least,

453 3044 674 3092 whether
700 3043 780 3093 tlte
802 3045 936 3092 Stoz'c
954 3060 1014 3092 or
1040 3045 1121 3093 the
1142 3043 1444 3107 Peripatetic
1461 3045 1635 3107 dogma
1655 3045 1707 3093 be
1727 3046 1961 3093 assumed
1974 3052 2022 3094 to
2042 3045 2095 3094 be
2116 3052 2245 3095 true.

188 3199 294 3248 VII
448 3205 543 3261 33.
631 3182 773 3243 Eius
824 3185 991 3244 modi
1039 3183 1213 3261 igitur
1268 3185 1449 3244 credo
1505 3203 1597 3244 res
1654 3185 2003 3244 Panaetium
2060 3202 2331 3260 persecu·

426 3332 447 3365 1
498 3323 583 3398 aut
619 3315 864 3381 appetitio
903 3317 966 3365 St
1006 3332 1118 3365 cum
1162 3317 1356 3381 aliquot
1386 3318 1524 3366 bonis
1554 3318 1684 3367 codd.
1752 3323 1771 3376 n
1843 3333 1899 3367 12
1938 3317 2025 3367 sed
2069 3319 2236 3383 potius
2265 3319 2339 3368 Or

320 3406 493 3448 contra
525 3400 656 3448 codd.
730 3400 827 3448 Pro
855 3399 1003 3448 nobis
1027 3400 1233 3448 Alanus
1254 3400 1397 3449 habet
1416 3399 1564 3448 bonis
1630 3403 1648 3457 ΙΙ
1721 3415 1779 3465 19
1834 3399 2085 3449 communi
2108 3400 2332 3449 humani-

319 3488 424 3531 tate
442 3480 662 3545 corporis
679 3481 806 3530 codd.
811 3517 827 3541 ,
848 3496 974 3545 quae
992 3480 1146 3541 lectio,
1162 3481 1212 3529 si
1212 3481 1348 3545 fides
1367 3481 1476 3540 Or.‚
1494 3480 1692 3543 stupori
1704 3479 2027 3529 librariorum
2046 3481 2336 3539 debebatur,-
