2685 3938
359 187 459 244 111
493 203 575 243 xv
604 189 638 244 6
645 183 708 266 3]
818 188 918 244 De
958 190 1300 245 contentione
1337 189 1588 246 Honesti
1622 196 1677 246 et
1729 189 1904 248 Utilis
2285 212 2355 269 27

354 368 639 424 AEervs,
684 352 745 411 in
795 352 1014 412 fiducia
1065 371 1144 412 VT
1196 372 1391 413 1NTER
1441 371 1643 416 Bonos
1689 374 1855 416 BENE
1894 375 2108 418 AoiER.
2196 362 2361 436 Quid

356 451 541 525 ergo?
588 462 690 509 aut
737 450 800 509 in
849 471 940 524 e0,
990 468 1159 520 QVOD
1210 469 1442 512 MEL1vs
1486 469 1767 528 AEQVIVS,
1811 466 2013 532 potest
2061 458 2183 516 ulla
2224 477 2360 535 pars

355 545 549 605 inesse
586 547 854 607 fraudis?
895 559 1011 619 aut,
1045 567 1184 607 cum
1222 549 1438 609 dicitur
1475 569 1673 610 INTER
1712 569 1913 612 Bonos
1954 570 2122 612 BENE
2146 572 2356 628 AorER,

354 642 677 720 quicquam
725 644 820 721 agi
870 645 1078 705 dolose
1120 656 1221 705 aut
1263 645 1558 708 malitiose
1602 651 1844 724 potest?
1929 652 2120 710 Dolus
2160 643 2357 711 autem

353 741 544 799 malus
586 740 645 799 in
691 739 1089 813 simulatione,
1127 754 1195 804 ut
1231 743 1312 803 ait
1353 744 1642 821 Aquilius,
1683 744 2034 806 continetur.
2121 749 2359 808 Tollen·
2386 766 2415 819 5

353 839 498 898 dum
550 850 640 899 est
686 838 864 917 igitur
912 861 984 900 ex
1033 845 1211 901 rebus
1260 842 1684 902 contrahendis
1730 863 1910 903 omne
1959 845 2355 905 mendacium.

355 936 496 994 Non
563 936 978 998 inlicitatorem
1035 938 1327 1011 venditor,
1388 959 1512 1000 non
1570 940 1671 1017 qui
1729 950 1937 1000 contra
1994 961 2058 1000 se
2114 940 2360 1002 liceatur

354 1045 588 1108 emptor
624 1046 906 1111 apponet.
994 1037 1281 1111 Uterque,
1315 1035 1364 1093 si
1403 1036 1482 1095 ad
1519 1036 1927 1111 eloquendum
1957 1036 2199 1110 venerit,
2233 1057 2353 1096 non

351 1131 484 1206 plus
513 1149 693 1207 quam
725 1133 907 1191 semel
939 1133 1268 1207 eloquetur.

616 1280 665 1327 A
701 1295 817 1327 rare
850 1280 1071 1328 instance
1101 1281 1164 1344 os
1184 1280 1481 1329 honourable
1511 1282 1716 1330 conduct
1746 1282 1805 1330 in
1837 1282 2081 1342 Scaevola,

472 1386 565 1445 62.
651 1387 722 1462 Q.
764 1386 1008 1462 quidem
1052 1388 1340 1447 Scaevola
1384 1387 1558 1447 Publi
1602 1387 1774 1461 filius,
1816 1407 1952 1447 cum
1997 1391 2354 1464 postulasset
2385 1410 2445 1446 10

349 1494 416 1542 ut
456 1482 568 1543 sibi
610 1484 846 1555 fundus,
890 1483 1057 1543 cuius
1098 1494 1334 1559 emptor
1365 1496 1504 1558 erat,
1548 1487 1733 1544 semel
1775 1484 2134 1544 indicaretur
2171 1485 2352 1562 idque

346 1579 621 1640 venditor
677 1580 760 1639 ita
817 1580 1070 1653 fecisset,
1135 1579 1283 1639 dixit
1339 1600 1402 1640 se
1459 1579 1641 1658 pluris
1701 1580 2049 1641 aestimare:
2120 1580 2353 1641 addidit

346 1691 587 1739 centum
628 1678 805 1739 milia.
894 1681 1093 1739 Nemo
1137 1690 1227 1738 est
1269 1677 1373 1755 qui
1416 1680 1533 1738 hoc
1574 1677 1680 1737 viri
1723 1678 1869 1738 boni
1914 1677 2092 1738 fuisse
2138 1689 2350 1755 neget3

347 1775 627 1853 sapientis
655 1788 890 1853 negant,
923 1785 990 1835 ut
1033 1776 1079 1834 si
1124 1776 1371 1835 minoris
1409 1795 1591 1852 quarn
1632 1776 1922 1852 potuisset
1961 1775 2347 1836 vendidisset.

348 1875 523 1932 Haec
560 1872 733 1950 igitur
770 1883 859 1932 est
897 1872 999 1931 illa
1037 1872 1349 1948 pernicieS,
1388 1873 1549 1948 quod
1590 1872 1736 1932 alios
1776 1875 1987 1944 bonOS,
2017 1874 2167 1930 alios
2202 1873 2348 1949 sapi·
2381 1889 2438 1943 15

344 1983 513 2038 entes
544 1971 895 2030 existimant.

472 2119 632 2167 which
670 2119 842 2167 would
866 2126 952 2167 not
983 2119 1107 2167 have
1138 2118 1251 2167 been
1283 2117 1596 2182 apprecialed
1618 2117 1679 2179 by
1699 2117 1829 2165 those
1860 2117 1983 2175 who,
2008 2116 2108 2165 like
2139 2117 2351 2166 Ennius

471 2202 582 2249 and
596 2201 797 2258 Hecato‚
819 2216 906 2249 are
927 2208 1120 2249 content
1140 2201 1266 2248 with
1288 2216 1321 2248 a
1344 2201 1439 2248 low
1458 2199 1708 2248 standard
1720 2199 1782 2262 os
1790 2199 1955 2247 moral
1970 2198 2186 2246 conduct.

464 2312 556 2370 Ex
598 2328 720 2386 quo
771 2307 1002 2367 Ennius
1055 2308 1425 2384 ‘nequiquam
1470 2315 1666 2382 sapere
1711 2308 2036 2382 sapientem,
2084 2308 2195 2382 qui
2235 2308 2352 2383 ipse

340 2411 453 2469 sibi
475 2412 741 2485 prodesse
787 2428 898 2467 non
947 2409 1168 2484 quiret.’
1249 2410 1409 2467 Vere
1464 2406 1527 2466 id
1582 2403 1842 2482 quidem,
1894 2404 1943 2465 si
1997 2405 2141 2481 quid
2192 2417 2344 2468 esset

346 2506 663 2583 ‘prodesse'
704 2504 851 2565 mihi
895 2524 1034 2564 cum
1081 2506 1280 2564 Ennio
1328 2503 1686 2564 conveniret.
1793 2506 1888 2578 63.
1962 2505 2344 2564 Hecatonem

341 2603 583 2680 quidem
628 2601 954 2675 Rhodium,
996 2600 1355 2677 discipulum
1402 2599 1686 2674 Panaetii,
1721 2599 1900 2659 video
1939 2599 1999 2658 in
2040 2600 2125 2659 eis
2164 2600 2339 2674 libris,
2370 2625 2435 2661 20

342 2719 492 2776 quos
530 2700 608 2759 de
647 2697 843 2758 officio
886 2696 1116 2774 scripsit
1161 2699 1235 2772 Q.
1281 2696 1606 2769 Tuberoni,
1650 2695 1850 2756 dicere
1891 2699 2201 2774 ‘sapientis
2235 2703 2345 2757 ess‘e

340 2798 499 2856 nillil
529 2804 727 2857 contra
761 2816 956 2867 mores,
989 2798 1144 2872 leges,
1190 2796 1462 2854 instituta
1484 2795 1791 2873 facientem
1827 2796 2032 2854 habere
2064 2798 2341 2856 rationem

341 2898 429 2954 rei
441 2897 790 2972 familiaris.
878 2898 1079 2971 Neque
1111 2896 1259 2953 enim
1298 2897 1481 2953 solum
1512 2896 1672 2953 nobis
1698 2895 1900 2954 divites
1925 2914 2035 2953 esse
2062 2898 2339 2969 volumus,

338 2995 436 3052 sed
458 2996 667 3066 liberis,
685 2995 1051 3070 propinquis,
1083 2993 1283 3052 amicis
1309 2994 1668 3067 maximeque
1696 2994 2071 3068 reipublicae.
2136 2995 2341 3068 Singu-

339 3092 527 3149 lorum
554 3093 703 3149 enim
728 3092 1042 3166 facultates
1078 3097 1135 3147 et
1167 3092 1357 3164 copiae
1382 3090 1623 3147 divitiae
1645 3096 1786 3147 sunt
1808 3090 2092 3149 civitatis)
2176 3090 2340 3149 Huic
2366 3104 2427 3156 25

439 3257 464 3308 7
500 3253 672 3295 contra
701 3262 754 3295 se
783 3246 990 3295 liceatur
1018 3247 1100 3295 Ba
1129 3246 1294 3295 Heine
1330 3261 1442 3294 cum
1467 3246 1721 3310 plerisque
1752 3246 1901 3303 codd„
1938 3253 2109 3294 contra
2137 3246 2341 3295 liceatur

344 3325 430 3382 Or,
455 3335 627 3375 contra
659 3326 917 3376 reliceatur
938 3327 984 3375 Z
1002 3327 1064 3374 St
1083 3327 1167 3375 Lu
1187 3342 1249 3375 ex
1271 3342 1372 3374 uno
1394 3326 1489 3374 cod.
1514 3327 1670 3374 Bern.
1695 3341 1721 3373 c
1774 3330 1793 3384 ΙΙ
1854 3341 1910 3374 12
1943 3326 2013 3374 ita
2044 3326 2236 3374 fecisset
2258 3327 2340 3373 Ba

338 3406 504 3454 Heine
526 3408 625 3455 M‘u
646 3423 756 3456 cum
787 3407 936 3464 codd.,
959 3406 1153 3456 fecisset
1181 3407 1283 3455 alii
1345 3410 1365 3464 ΙΙ
1434 3422 1490 3455 21
1530 3406 1693 3455 officio
1722 3407 1804 3455 Ba
1834 3408 1896 3454 St
1924 3407 2088 3455 Heine
2115 3407 2200 3454 Lu
2226 3423 2336 3455 cum

338 3488 538 3550 optimis
558 3488 706 3548 codd„
735 3487 908 3536 officiis
935 3489 1011 3537 Or
1027 3490 1074 3537 Z
