2685 3938
364 247 441 316 46
713 244 807 301 De
848 242 1185 301 contentione
1227 241 1481 300 Honesti
1513 248 1564 298 et
1614 239 1792 299 Utilis
1849 235 1977 319 [III
2008 254 2211 296 xxvm
2252 255 2358 294 102

98 430 338 479 XXVIII
488 418 835 475 Pervertunt
874 413 1145 473 homines
1187 434 1272 486 ea,
1310 432 1465 490 quae
1504 423 1639 473 sunt
1676 413 2064 472 fundamenta
2102 419 2361 479 naturae,

364 531 502 571 cum
540 511 852 571 utilitatem
883 513 960 569 ab
989 513 1300 571 honestate
1331 510 1663 586 seiungunt.
1751 510 1978 569 Omnes
2007 506 2165 567 enim
2197 524 2367 581 expe·

364 610 541 671 timus
584 610 897 671 utilitatem
941 612 1020 671 ad
1063 630 1314 686 eamque
1357 609 1617 687 rapimur
1656 629 1769 670 nec
1807 611 1999 669 facere
2035 606 2203 666 aliter
2243 606 2366 665 ullo

365 709 549 768 modo
592 728 921 784 possumus.
1012 710 1167 767 Nam
1213 708 1344 785 quis
1384 720 1472 767 est
1512 707 1613 785 qui
1646 706 1816 783 *utilia
1854 705 2051 781 fugiat,
2093 715 2196 763 aut
2234 702 2366 779 quis

368 804 565 880 potius
622 805 725 881 qui
782 825 853 864 ea
907 825 1032 865 non
1082 803 1512 865 studiosissime
1557 805 1985 881 persequatur?
2067 803 2183 861 Sed
2230 798 2368 877 quia
2394 821 2421 875 5

368 923 664 981 nusquam
709 924 1024 982 possumus
1074 903 1186 963 nisi
1228 903 1289 962 in
1333 904 1527 975 laude,
1575 904 1805 973 decore,
1850 903 2162 960 honestate
2204 897 2369 959 utilia

367 1002 636 1078 reperire,
674 1014 985 1080 propterea
1021 1001 1123 1060 illa
1161 1001 1351 1078 prima
1389 1011 1450 1060 et
1489 1019 1723 1059 summa
1760 1000 2069 1069 habemus,
2100 997 2367 1058 utilitatis

367 1120 588 1161 nomen
618 1122 740 1161 non
773 1113 893 1161 tam
924 1101 1304 1178 splendidum
1335 1120 1513 1178 quam
1544 1098 1942 1159 necessarium
1973 1097 2261 1158 ducimus·

366 1247 632 1314 Objection
662 1249 713 1299 ii.
791 1251 941 1299 There
969 1249 1012 1298 is
1042 1249 1258 1313 nothing
1281 1249 1339 1297 in
1361 1265 1431 1297 an
1459 1249 1588 1298 Oath
1613 1249 1724 1297 that
1744 1264 1816 1296 we
1833 1248 2012 1296 should
2013 1247 2140 1311 fear
2157 1254 2205 1295 to
2224 1246 2371 1295 break

494 1333 552 1380 it.
619 1332 722 1380 For
744 1329 810 1394 (a)
836 1332 916 1380 the
927 1332 1046 1395 gods
1066 1347 1151 1379 are
1173 1346 1324 1379 never
1341 1346 1503 1394 angry
1524 1330 1635 1377 and
1648 1330 1707 1377 do
1730 1336 1815 1377 not
1834 1329 1959 1377 hurt
1979 1344 2055 1375 us.

367 1412 439 1475 (b)
505 1414 651 1462 Even
673 1415 940 1477 supposing
946 1413 1168 1477 Jupiter,
1193 1414 1274 1461 the
1293 1428 1506 1476 avenger
1531 1412 1592 1476 os
1601 1412 1830 1475 pery'ury,
1854 1410 1958 1458 had
1974 1410 2083 1458 been
2110 1425 2286 1473 angvy,
2313 1410 2373 1458 he

491 1496 635 1544 could
662 1501 750 1543 not
775 1496 900 1542 have
930 1494 1154 1556 inflicted
1176 1501 1307 1557 upon
1340 1493 1448 1541 him
1472 1499 1670 1556 greater
1698 1493 1802 1540 evil
1830 1492 1953 1540 than
1984 1490 2124 1539 what
2156 1491 2371 1555 Regulus

491 1578 699 1641 brought
720 1584 849 1640 upon
871 1576 1082 1640 himsetf
1090 1576 1150 1638 by
1170 1575 1451 1639 returning.

365 1659 433 1721 (c)
503 1659 581 1708 He
600 1660 752 1723 ought
773 1665 819 1706 to
840 1658 966 1706 have
982 1657 1152 1706 chosen
1174 1657 1254 1706 the
1275 1658 1399 1705 least
1418 1657 1479 1721 of
1488 1657 1624 1705 evils.

365 1740 437 1805 (d)
506 1743 630 1789 Men
652 1757 740 1790 are
758 1748 843 1789 not
861 1741 1046 1805 obliged
1060 1747 1106 1789 to
1126 1740 1234 1803 keep
1254 1740 1387 1788 their
1405 1740 1545 1787 oaths
1564 1746 1609 1788 to
1631 1740 1901 1788 Decez'vers.

363 1821 432 1886 (e)
500 1823 744 1871 Promises
765 1823 983 1871 extorted
999 1822 1205 1886 byfhrce
1224 1823 1346 1870 need
1362 1829 1449 1870 not
1468 1823 1520 1869 be
1535 1823 1659 1885 kept.

364 1904 632 1968 Objection
655 1904 722 1953 iii.
795 1905 873 1953 H'e
894 1921 997 1952 was
1000 1904 1189 1968 fholish
1212 1910 1260 1952 to
1281 1904 1551 1952 undertake
1572 1904 1652 1952 the
1673 1904 1878 1952 mission
1900 1909 1956 1951 at
1974 1903 2063 1952 all.

364 1988 631 2052 Objection
655 1990 721 2037 iv.
793 1990 942 2037 Great
961 1989 1239 2052 expedz'ency
1261 1989 1426 2037 makes
1446 1988 1599 2051 right.

490 2117 618 2154 102.
707 2097 905 2171 ‘Quid
951 2107 1039 2156 est
1084 2094 1288 2172 igitur'
1336 2093 1547 2156 dixerit
1589 2095 1723 2171 quis
1766 2095 1861 2154 ‘in
1907 2094 2030 2155 iure
2067 2094 2368 2155 iurando?

363 2212 507 2251 num
551 2193 765 2252 iratum
810 2196 1088 2253 timemus
1136 2194 1389 2253 Iovem?
1471 2195 1551 2251 At
1596 2195 1711 2252 hoc
1757 2191 1998 2268 quidem
2048 2212 2366 2252 commune
2398 2216 2460 2252 10

361 2303 450 2351 est
500 2291 767 2351 omnium
817 2291 1329 2369 philosophorum,
1375 2311 1500 2351 non
1543 2311 1748 2351 eorum
1792 2291 1990 2363 modo,
2040 2292 2143 2368 qui
2185 2291 2365 2351 deum

362 2389 510 2447 nihil
547 2391 764 2450 habere
802 2390 1000 2467 ip'sum
1039 2389 1242 2466 negoti
1282 2388 1505 2460 dicunt,
1540 2389 1688 2448 nihil
1727 2389 2003 2448 exhibere
2044 2388 2227 2461 alteri,
2260 2389 2366 2447 sed

363 2504 568 2545 eorum
625 2486 819 2558 etiam,
873 2486 974 2562 qui
1033 2488 1213 2546 deum
1271 2506 1506 2562 semper
1562 2505 1734 2563 agere
1789 2485 2015 2563 aliquid
2067 2496 2127 2545 et
2177 2483 2367 2544 moliri

362 2588 588 2657 volunt,
620 2605 944 2661 numquam
976 2606 1088 2645 nec
1116 2584 1285 2645 irasci
1315 2587 1496 2645 deum
1526 2605 1639 2645 nec
1668 2604 1896 2645 nocere.
1973 2584 2135 2660 Quid
2164 2593 2365 2644 autem
2423 2569 2428 2574 ’

363 2681 541 2741 iratus
584 2684 847 2762 Iuppiter
885 2684 1016 2759 plus
1057 2702 1272 2743 nocere
1312 2681 1599 2759 potuisset
1640 2701 1819 2758 quarn
1858 2681 2064 2741 nocuit
2098 2680 2210 2740 sibi
2239 2680 2365 2756 ipse
2398 2699 2456 2751 15

365 2781 674 2857 Regulus?
715 2781 877 2839 nulla
914 2779 1089 2857 igitur
1128 2779 1213 2839 vis
1252 2781 1360 2840 fuit
1399 2779 1715 2857 religioniS,
1760 2798 1912 2856 quae
1949 2790 2179 2838 tantam
2219 2777 2368 2836 utili-

364 2887 546 2937 tatem
575 2889 947 2954 perverteret.
1021 2881 1117 2936 An
1149 2898 1225 2937 ne
1255 2876 1503 2955 turpiter
1526 2879 1789 2938 faceret?
1859 2875 2120 2936 Primum
2147 2881 2181 2909 “
2200 2874 2366 2934 mini-

364 2994 462 3034 ma
517 2977 593 3035 de
649 2975 874 3035 maliS.''
956 2978 1118 3036 Num
1176 2976 1350 3054 igitur
1408 2989 1638 3038 tantum
1698 2975 1836 3035 mali
1892 2973 2199 3051 turpitudo
2254 2973 2366 3032 ista

361 3073 637 3144 habebat,
670 3084 958 3151 quantum
995 3074 1092 3133 ille
1128 3074 1466 3134 cruciatus?
1552 3075 1791 3134 Deinde
1820 3073 1966 3132 illud
1996 3071 2174 3133 etiam
2204 3072 2362 3148 apud

361 3170 612 3229 Accium
636 3191 648 3227 z
2392 3185 2459 3220 20

1200 3250 1454 3316 Fregistln
1467 3252 1630 3318 fidem
1644 3252 1670 3301 ἲ

802 3330 955 3397 ne‘que
985 3332 1101 3381 dedi
1129 3348 1284 3396 neque
1314 3334 1375 3381 do
1407 3333 1604 3399 infideli
1630 3332 1923 3396 culquam...

362 3455 725 3514 quamquam
764 3440 840 3497 ab
878 3438 1063 3514 impio
1100 3458 1236 3516 rege
1275 3438 1505 3514 dicitur,
1538 3441 1837 3500 luculente
1877 3452 2073 3498 tamen
2115 3436 2365 3496 dicitur.²

368 3580 424 3632 17
458 3577 787 3634 praeverteret
814 3572 902 3629 Or,
925 3572 1003 3619 Al
1024 3572 1217 3621 Gruber
1233 3579 1388 3620 contr.
1413 3572 1539 3622 codd.
1594 3577 1613 3631 n
1665 3588 1723 3637 19
1756 3572 1958 3621 habebit
1980 3572 2081 3621 alii
2097 3586 2209 3620 cum
2230 3568 2363 3619 codd.
