2685 3938
311 220 413 277 111
445 236 509 276 VI
543 215 644 299 28]
786 220 883 278 De
921 221 1263 278 contentione
1307 221 1550 277 Honesti
1586 228 1640 277 et
1691 221 1868 279 Utilis
2243 241 2308 279 11
2348 192 2353 198 ⁵

307 388 496 467 magis
514 387 856 467 fugiendam
875 402 1081 451 censet
1096 402 1367 463 mortem,
1388 402 1816 469 paupertatem,
1839 394 2123 466 dolorem,
2145 395 2315 454 amis·

307 489 538 550 sionem
584 489 764 550 etiam
814 490 1150 564 liberorum,
1200 489 1688 569 propinquorum,
1740 491 2084 564 amicorum,
2132 512 2313 568 quam

305 586 498 646 facere
527 585 803 662 cuiquam
841 586 1129 646 iniuriam.
1216 586 1277 646 Si
1307 586 1452 645 nihil
1482 587 1776 646 existimat
1806 600 2012 648 contra
2039 600 2313 648 naturam

305 683 431 742 fieri
473 684 818 744 hominibus
865 684 1178 756 violandis,
1228 684 1373 761 quid
1424 704 1560 744 cum
1608 704 1680 743 eo
1727 684 1995 758 disseram,
2044 687 2146 762 qui
2192 705 2315 746 om-

306 780 454 840 nino
484 781 791 841 hominem
820 801 895 842 ex
923 781 1168 841 homine
1199 783 1410 841 tollat?
1472 780 1576 841 Sin
1605 780 1949 857 fugiendum
1979 771 2041 842 i'd
2071 783 2312 859 quidem
2340 805 2367 860 5

305 890 523 950 censet,
573 879 675 939 sed
722 881 912 939 multo
955 879 1055 939 illa
1095 878 1314 957 peiora,
1360 890 1629 951 mortem,
1675 891 2099 957 paupertatem,
2144 882 2310 942 dolo·

303 994 446 1050 rem,
503 987 653 1035 errat
704 976 766 1036 in
814 997 907 1051 eo,
959 978 1125 1054 quod
1174 979 1363 1037 ullum
1412 989 1515 1038 aut
1563 979 1825 1055 corporis
1881 989 1985 1039 aut
2040 981 2311 1041 fortunae

198 1085 274 1133 VI
305 1071 510 1131 vitium
561 1072 717 1133 vitiis
765 1073 946 1133 animi
996 1073 1228 1150 gravius
1286 1074 1599 1134 existimat.
1688 1077 1845 1152 Ergo
1895 1096 2080 1135 unum
2132 1077 2311 1137 debet

304 1188 434 1229 esse
476 1170 754 1240 omnibus
797 1171 1203 1250 propositum3
1254 1184 1319 1231 ut
1363 1174 1607 1233 eadem
1650 1173 1741 1232 sit
1783 1174 2062 1234 utilitas
2105 1174 2310 1235 unius

303 1267 644 1346 cuiusque
682 1280 749 1330 et
788 1270 1297 1344 universorum,
1331 1290 1511 1346 quam
1544 1270 1592 1330 si
1619 1272 1698 1332 ad
1727 1292 1791 1332 se
1818 1272 2073 1348 quisque
2102 1272 2306 1350 rapiet,
2339 1291 2401 1327 10

303 1365 660 1426 dissolvetur
688 1368 882 1428 omnis
909 1370 1174 1428 humana
1202 1370 1518 1429 consortio.

311 1514 539 1578 Tltz'rdly,
560 1517 640 1564 all
656 1533 768 1564 men
789 1533 875 1566 are
896 1519 1077 1582 subject
1097 1526 1144 1566 to
1165 1519 1245 1566 tlte
1266 1534 1400 1567 same
1429 1519 1530 1567 law
1558 1519 1620 1583 of
1640 1526 1836 1576 nature,
1860 1518 2229 1582 whidcforbids
2250 1535 2308 1567 us

431 1605 478 1645 to
509 1614 687 1662 wrong
711 1600 920 1648 another
939 1601 1035 1664 for
1063 1617 1160 1649 our
1187 1617 1301 1649 own
1332 1602 1623 1666 advantage.
1703 1603 1753 1649 T
1742 1603 1824 1650 his
1855 1603 1966 1650 rule
2002 1603 2188 1665 applz'es
2226 1611 2310 1650 nol

429 1681 546 1741 only
567 1687 614 1728 to
635 1681 872 1728 relations
893 1688 977 1729 etc.
1002 1681 1091 1729 but
1110 1689 1157 1729 to
1185 1682 1265 1729 all
1288 1677 1542 1730 bnankind
1563 1682 1709 1731 alz'ke.
1787 1683 1887 1731 The
1916 1683 2156 1732 violation
2184 1684 2247 1749 of
2266 1685 2309 1733 it

431 1763 476 1810 is
496 1762 577 1810 the
598 1763 724 1810 rain
744 1763 808 1826 of
816 1764 894 1811 all
892 1764 1095 1826 justice,
1124 1764 1390 1828 Ιίὐεναίίζγ,
1414 1772 1498 1813 etc.

428 1883 518 1941 27.
578 1869 779 1942 Atque
829 1866 1023 1938 etiam,
1085 1866 1134 1927 si
1183 1869 1299 1928 hoc
1346 1881 1553 1927 natura
1600 1867 1959 1946 praescribit,
2007 1881 2073 1929 ut
2124 1872 2305 1931 homo

300 1962 544 2033 homini,
577 1962 940 2041 quicumque
963 1964 1052 2036 sit,
1086 1966 1166 2026 ob
1196 1985 1330 2026 eam
1361 1964 1553 2042 ipsam
1582 1986 1832 2032 causam,
1851 1967 2014 2043 quod
2044 1967 2092 2027 is
2122 1969 2304 2027 homo

299 2061 390 2132 sit,
423 2064 761 2121 consultum
791 2063 946 2134 velit,
979 2083 1222 2123 necesse
1254 2074 1342 2123 est
1378 2065 1707 2125 secundum
1748 2066 2002 2125 eandem
2033 2078 2301 2125 naturam

299 2160 568 2219 omnium
603 2161 917 2221 utilitatem
961 2182 1088 2222 esse
1127 2182 1526 2223 communem.
1617 2164 1800 2239 Quod
1840 2164 1888 2223 si
1928 2164 2005 2222 ita
2047 2174 2152 2235 est,
2186 2183 2304 2221 una
2335 2182 2390 2235 15

300 2258 696 2319 continemur.
731 2279 940 2319 omnes
986 2272 1044 2319 et
1099 2261 1308 2319 eadem
1371 2262 1498 2337 lege
1552 2272 1814 2335 naturae,
1874 2261 2055 2337 idque
2108 2259 2299 2337 ipsum

299 2354 347 2413 si
398 2354 479 2414 ita
525 2365 631 2426 est,
677 2370 835 2415 certe
878 2356 1095 2416 violare
1138 2360 1388 2417 alterum
1436 2370 1682 2418 naturae
1727 2361 1856 2435 lege
1899 2358 2297 2435 prohibemur.
2383 2356 2399 2372 ⁶

303 2456 395 2512 28.
454 2456 676 2513 Verum
716 2468 918 2513 autem
963 2454 1236 2532 primum,
1265 2476 1468 2514 verum
1509 2456 1682 2532 igitur
1709 2469 2055 2517 extremum.
2144 2459 2300 2516 Nam

297 2553 447 2613 illud
489 2555 733 2630 quidem
779 2555 1103 2614 absurdum
1151 2567 1259 2625 est,
1304 2557 1470 2631 quod
1515 2554 1756 2631 quidam
1804 2555 2027 2629 dicunt,
2074 2555 2301 2632 parenti

297 2671 361 2711 se
412 2662 512 2709 aut
559 2650 718 2711 fratri
769 2651 914 2710 nihil
964 2653 1332 2711 detracturos
1382 2651 1470 2709 sui
1521 2652 1826 2712 commodi
1875 2672 2069 2723 causa,
2124 2653 2297 2711 aliam
2328 2677 2391 2713 20

296 2747 589 2806 rationem
657 2767 787 2807 esse
853 2748 1071 2808 civium
1130 2750 1508 2824 reliquorum.
1619 2749 1705 2808 Hi
1765 2749 1876 2809 sibi
1935 2749 2082 2808 nihil
2141 2749 2296 2821 iuriS,

296 2845 523 2903 nullam
564 2844 907 2906 societatem
952 2846 1289 2906 communis
1334 2846 1600 2905 utilitatis
1644 2867 1823 2906 causa
1864 2859 2132 2907 statuunt
2171 2869 2300 2909 esse

295 2961 432 3001 cum
492 2941 739 3014 civibus,
790 2963 943 3021 quae
998 2942 1292 3004 sententia
1348 2963 1590 3002 omnem
1637 2944 1981 3005 societatem
2033 2946 2298 3006 distrahit

295 3039 563 3100 civitatis.
653 3040 771 3116 Qui
822 3055 1020 3102 autem
1072 3042 1290 3101 civium
1348 3041 1637 3101 rationem
1684 3041 1891 3102 dicunt
1941 3044 2294 3116 habendam,

294 3149 668 3197 externorum
710 3153 943 3217 negant,
964 3139 1030 3199 ‘ei
1061 3139 1342 3199 dirimunt
1374 3160 1756 3200 communem
1787 3142 2033 3201 humani
2068 3142 2295 3220 generis
2324 3166 2385 3218 25

294 3235 661 3304 societatem,
691 3255 809 3312 qua
847 3238 1078 3295 sublata
1117 3237 1511 3297 beneficentia
1548 3237 1884 3312 liberalita5‚
1914 3238 2151 3299 bonitas
2186 3239 2294 3300 ius·

292 3332 426 3393 titia
480 3332 744 3391 funditus
800 3332 1035 3392 tollitur.
1145 3335 1314 3408 Quae
1371 3333 1473 3409 qui
1519 3336 1734 3393 tollunt
1785 3334 1959 3394 etiam
2016 3337 2296 3396 adversus

397 3472 419 3505 1
456 3454 689 3518 fugienda
721 3454 998 3503 Ba.Hez'ne
1031 3471 1142 3502 cum
1175 3455 1368 3518 aliquot
1400 3455 1551 3512 codd„
1581 3454 1867 3519 fugiendam
1902 3458 2049 3520 mclgv
2080 3460 2163 3506 Lu
2196 3461 2296 3507 Mu

296 3553 325 3602 3
348 3536 568 3601 cuipiam
591 3537 810 3601 Madvig
825 3538 897 3585 ad
901 3538 999 3600 fin.
1029 3549 1093 3585 111
1118 3539 1145 3597 ἓ
1170 3553 1225 3585 21
1254 3552 1304 3600 p.
1328 3535 1423 3598 466
1447 3552 1557 3584 cum
1579 3552 1618 3593 c,
1650 3537 1878 3598 cuiquam
1905 3537 1985 3584 Ba
2008 3540 2068 3584 St
2089 3540 2253 3586 Heine
