2685 3938
614 559 719 633 M.
799 561 1164 634 TVLLI
1247 559 1921 635 CICERONIS

1004 747 1118 804 DE
1177 747 1543 807 OFFrcns

883 910 986 959 AD
1034 910 1348 959 MARCVM
1396 909 1654 958 FILIVM

926 1060 1186 1117 LIBER
1242 1057 1607 1115 TERTIVS

269 1220 696 1270 Introduction.——
707 1222 757 1269 Τ
749 1222 808 1269 he
842 1225 886 1269 A
894 1221 1084 1270 uthor’s
1116 1221 1427 1269 Retirement
1457 1226 1544 1267 not
1576 1219 1672 1267 like
1705 1217 1817 1266 that
1846 1218 1909 1282 qf
1928 1218 2092 1280 Scipio
2124 1216 2269 1280 Afri·

392 1317 547 1349 canus
561 1317 584 1360 ;
616 1302 696 1350 the
717 1317 806 1349 one
827 1302 967 1365 being
990 1302 1070 1349 the
1090 1301 1223 1364 ffct
1243 1302 1305 1364 of
1314 1301 1484 1359 choica,
1512 1300 1591 1347 the
1613 1299 1754 1346 other
1770 1299 1832 1362 of
1841 1300 2085 1361 necessity.

212 1449 237 1496 I
391 1454 439 1491 1.
531 1437 816 1493 Pvssva
875 1437 1245 1505 SCIPIONEM,
1295 1436 1499 1492 Marce
1550 1432 1648 1504 fili,
1694 1452 1832 1491 eum
1890 1432 1992 1508 qui
2047 1430 2270 1509 primus

264 1531 574 1590 Africanus
620 1533 952 1608 appellatus
998 1544 1104 1602 est,
1147 1530 1341 1590 dicere
1389 1531 1630 1589 solitum
1678 1529 1906 1606 scripsit
1954 1531 2124 1598 Cam,
2167 1530 2269 1603 qui

262 1630 370 1687 fuit
398 1628 526 1688 eius
554 1630 674 1688 fere
704 1629 983 1704 aequalis,
1016 1648 1330 1703 numquam
1360 1647 1416 1685 se
1444 1629 1637 1686 minus
1672 1630 1906 1686 otiosum
1946 1647 2057 1685 esse
2091 1646 2266 1703 quam

261 1745 387 1783 cum
415 1727 645 1797 otiosus,
666 1745 763 1784 nec
788 1727 981 1783 minus
1004 1728 1188 1785 solum
1208 1745 1386 1801 quam
1406 1745 1530 1783 cum
1552 1728 1707 1783 solus
1726 1731 1875 1783 esset.
1947 1724 2265 1800 Magnifica

262 1842 402 1882 vero
440 1843 556 1883 vox
591 1834 652 1882 et
697 1841 913 1898 magno
953 1821 1074 1881 viro
1119 1841 1190 1882 ac
1235 1820 1501 1898 sapiente
1545 1822 1759 1899 digna:
1808 1841 1961 1898 quae
2005 1823 2265 1882 declarat
2296 1837 2321 1890 5

261 1920 428 1982 illum
468 1932 526 1981 et
563 1920 626 1980 in
664 1910 789 1981 otio
827 1922 902 1980 de
938 1916 1193 1999 'negotiis
1232 1921 1492 1999 cogitare
1530 1934 1590 1982 et
1618 1921 1680 1982 in
1710 1920 2031 1983 solitudine
2059 1940 2262 1982 secum

263 2017 429 2094 loqui
457 2018 715 2089 solitum,
748 2030 812 2078 ut
841 2038 1037 2094 neque
1075 2032 1331 2079 cessaret
1370 2039 1659 2095 umquam
1698 2030 1758 2078 et
1794 2018 2092 2079 interdum
2130 2037 2269 2078 con-

262 2115 466 2191 loquio
507 2115 747 2175 alterius
785 2135 908 2175 non
948 2128 1157 2193 egeret.
1248 2119 1342 2176 Ita
1389 2119 1543 2177 duae
1581 2137 1691 2190 τες,
1731 2136 1885 2192 quae
1923 2118 2270 2192 languorem

263 2215 538 2273 adferunt
566 2213 795 2285 ceteriS‚
825 2213 993 2274 illum
1024 2216 1339 2285 acuebant,
1366 2214 1552 2274 otium
1585 2225 1644 2274 et
1672 2214 1948 2274 solitudo·
2038 2216 2269 2273 Vellem
2299 2229 2314 2282 ’ξ

263 2311 438 2371 uobis
467 2313 586 2372 hoc
618 2311 781 2371 idem
809 2332 946 2373 vere
985 2313 1182 2373 dicere
1221 2313 1439 2384 liceret,
1473 2315 1579 2373 sed
1593 2311 1669 2372 ‘si
1708 2312 1904 2373 minus
1940 2311 2270 2372 imitatione
2304 2332 2363 2367 10

263 2418 490 2468 tantam
537 2407 739 2485 ingeni
787 2409 1208 2487 praestantiam
1253 2410 1542 2486 consequi
1587 2429 1920 2488 possumuS,
1966 2411 2271 2469 voluntate

263 2517 423 2565 certe
460 2505 729 2583 proxime
767 2506 1127 2566 accedimus.
1217 2509 1374 2566 Nam
1407 2520 1465 2567 et
1494 2528 1531 2566 a
1557 2527 1619 2567 re
1648 2506 1890 2584 publica
1917 2506 2272 2568 forensibus-

263 2623 379 2679 que
420 2602 671 2679 negotiis
705 2603 879 2663 armis
909 2603 1104 2681 impiis
1132 2603 1308 2681 vique
1336 2603 1620 2682 prohibiti
1647 2604 1834 2665 otium
1863 2604 2271 2683 persequimur

263 2716 320 2762 et
361 2705 441 2763 ob
483 2722 616 2762 eam
656 2723 898 2763 causam
937 2706 1082 2764 urbe
1121 2704 1322 2764 relicta
1360 2725 1492 2764 rura
1529 2717 1904 2782 peragrantes
1945 2724 2122 2782 saepe
2160 2704 2269 2763 soli

263 2818 486 2860 sumus,
577 2821 626 2860 2.
687 2802 803 2859 Sed
833 2820 946 2860 nec
973 2803 1090 2861 hoc
1119 2800 1306 2860 otium
1338 2820 1478 2861 cum
1508 2801 1771 2861 Africani
1809 2801 1933 2861 otio
1973 2821 2086 2861 nec
2123 2802 2271 2861 haec
2303 2813 2357 2867 15

263 2897 523 2957 solitudo
566 2917 703 2958 cum
746 2897 849 2957 illa
891 2901 1297 2977 comparanda
1339 2910 1445 2959 est.
1534 2903 1645 2960 Ille
1689 2900 1848 2960 enim
1893 2901 2269 2977 requiescens

261 3014 298 3052 a
340 2994 426 3054 rei
470 2994 745 3072 publicae
789 2995 1194 3073 pulcherrimis
1233 2998 1578 3058 muneribus
1617 2997 1804 3058 otium
1845 2998 1959 3057 sibi
1998 3000 2269 3058 sumebat

260 3092 584 3167 aliquando
615 3102 673 3150 et
703 3112 735 3151 e
764 3105 941 3152 coetu
978 3092 1288 3152 hominum
1320 3092 1772 3170 frequentiaque
1799 3094 2095 3154 interdum
2125 3106 2269 3153 tam-

208 3237 213 3240 *
262 3209 443 3266 quam
462 3188 525 3247 in
542 3201 778 3267 portum
799 3210 862 3250 se
880 3190 941 3250 in
961 3190 1344 3251 solitudinem
1364 3191 1700 3269 recipiebat.
1760 3194 2046 3251 Nostrum
2066 3205 2262 3253 autem

261 3287 446 3346 otium
499 3285 701 3362 negoti
743 3287 962 3365 inopia,
1010 3307 1132 3347 non
1175 3288 1588 3364 requiescendi
1631 3289 1830 3349 studio
1876 3289 2262 3350 constitutum
2292 3305 2356 3341 20

361 3450 387 3482 2
425 3441 499 3483 est
529 3435 611 3483 Ba
640 3435 704 3483 St
729 3435 896 3484 H‘eine
919 3437 999 3484 Lu
1026 3452 1140 3485 cum
1170 3451 1272 3485 uno
1296 3436 1412 3492 cod„
1447 3438 1593 3500 vulgo
1622 3437 1685 3485 sit
1751 3440 1771 3495 u
1837 3438 1867 3485 8
1900 3437 1971 3485 ita
1994 3437 2077 3485 Ba
2111 3437 2279 3484 Heim‘

262 3517 346 3565 Lu
367 3531 480 3564 cum
502 3517 652 3574 codd„
677 3517 845 3581 itaque
874 3519 949 3567 Or
966 3519 1048 3566 Zu
1103 3524 1122 3576 n
1185 3534 1243 3566 10
1267 3519 1365 3567 hoc
1388 3517 1521 3567 idem
1545 3518 1707 3566 dicere
1731 3521 1778 3566 Z
1793 3534 1904 3566 cum
1927 3518 2119 3578 aliquot
2137 3517 2268 3564 codd.

425 3614 542 3657 erc.
574 3599 642 3656 de
676 3598 787 3673 Off
820 3617 910 3658 111.
2074 3615 2101 3653 ι
