2685 3938
296 179 396 235 III
427 194 638 235 xxxin
676 173 813 256 121]
898 179 994 234 De
1034 178 1376 235 contentione
1416 177 1671 235 Honesti
1706 184 1760 234 et
1809 177 1986 236 Utilis
2227 191 2299 251 55

290 366 445 422 quae
509 346 572 405 in
630 347 1061 407 communitate
1117 358 1435 406 cernuntur
1492 357 1551 406 et
1607 347 1669 404 in
1726 346 2013 405 societate
2067 342 2299 422 generis

288 443 549 502 humani.
637 446 852 520 Neque
895 443 1055 503 enim
1101 444 1337 502 bonitas
1381 463 1493 502 nec
1534 442 1851 502 liberalitas
1895 461 2009 501 nec
2047 439 2298 501 comitas

290 560 420 600 esse
477 551 692 618 potest,
740 561 865 601 non
912 544 1045 618 plus
1087 561 1268 617 quam
1314 539 1590 612 amicitia,
1640 540 1686 599 si
1730 541 1876 600 haec
1918 559 2042 599 non
2086 558 2192 616 per
2236 558 2300 599 se

291 650 659 716 expetantur,
685 641 791 700 sed
819 640 896 699 ad
924 641 1295 716 voluptatem
1324 638 1714 698 utilitatemve
1744 640 2080 698 referantur.
2144 638 2300 699 Con-

290 737 541 796 feramus
583 737 756 814 igitur
797 737 858 796 in
898 756 1104 814 pauca.
1212 757 1342 812 119.
1419 737 1578 796 Nam
1618 747 1681 795 ut
1720 734 2032 795 utilitatem
2075 735 2295 793 nullam
2324 758 2354 815 5

290 855 418 895 esse
463 836 778 895 docuimus
823 854 978 912 quae
1027 834 1324 894 honestati
1371 843 1527 893 esset
1568 832 1878 904 contraria,
1924 832 2008 893 sic
2050 852 2293 892 omnem

287 935 654 1011 voluptatem
686 932 939 993 dicimus
969 931 1269 992 honestati
1299 951 1430 991 esse
1460 933 1832 991 contrariam.

654 1101 820 1149 Futile
852 1099 1021 1164 theory
1051 1100 1114 1164 of
1139 1100 1405 1163 Callz'plzon
1438 1100 1549 1147 and
1574 1098 1933 1147 Dinomachus.

411 1206 547 1281 Quo
572 1205 757 1282 magis
779 1205 1304 1282 reprehendendos
1328 1203 1747 1282 Calliphonem
1772 1215 1830 1264 et
1855 1202 2296 1264 Dinomachum

286 1301 506 1376 iudico,
559 1301 661 1379 qui
719 1322 781 1362 se
838 1301 1234 1379 dirempturos
1291 1302 1756 1363 controversiam
1813 1313 2186 1380 putaverunt,
2246 1301 2295 1361 si

287 1419 424 1459 cum
461 1402 772 1460 honestate
811 1402 1182 1477 voluptatem
1220 1411 1527 1478 tamquam
1559 1421 1698 1460 cum
1727 1403 1970 1461 homine
1998 1402 2386 1478 pecudemto

284 1499 736 1576 copulavissent.
828 1501 969 1558 Non
1009 1498 1216 1576 recipit
1253 1499 1427 1560 istam
1469 1500 1955 1560 coniunctionem
1992 1502 2290 1573 honestaS‚

282 1607 642 1672 aspernatur,
675 1598 919 1673 repellit.
1009 1599 1065 1655 N
1072 1616 1140 1656 ec
1179 1616 1318 1657 vero
1353 1597 1485 1656 finis
1517 1600 1811 1657 bonorum
1844 1595 1930 1678 [et
1958 1595 2289 1677 malorum]‚

283 1693 388 1769 qui
436 1692 685 1770 simplex
735 1714 864 1754 esse
914 1695 1113 1763 debet,
1164 1715 1237 1755 ex
1281 1695 1687 1756 dissimillimis
1733 1697 1907 1755 rebus
1952 1693 2185 1755 misceri
2233 1704 2294 1754 et

281 1792 598 1867 temperari
626 1803 841 1869 potest.
930 1814 1058 1852 120.
1113 1794 1230 1853 Sed
1261 1794 1337 1854 de
1368 1794 1784 1871 hoc—magna
1812 1792 1970 1852 enim
1999 1812 2091 1851 res
2122 1803 2292 1851 est-

281 1888 401 1948 alio
430 1890 565 1947 loco
588 1888 868 1965 pluribus,
945 1891 1001 1946 N
1008 1909 1125 1947 unc
1149 1890 1225 1948 ad
1249 1889 1643 1966 propositum.
1721 1891 1914 1964 Quem
1940 1892 2017 1949 ad
2042 1890 2288 1949 modum
2323 1908 2379 1962 15

280 1986 472 2065 igitur,
500 1987 549 2047 si
579 1989 825 2064 quando
853 2007 942 2059 ea,
969 2007 1122 2063 quae
1144 1985 1377 2048 videtur
1399 1988 1638 2062 utilitaS‚
1663 1987 1959 2049 honestati
1981 1999 2286 2065 repugnat,

281 2086 670 2146 diiudicanda
707 2106 798 2145 res
839 2087 932 2160 sit,
957 2087 1098 2146 satis
1138 2100 1226 2147 est
1266 2107 1441 2165 supra
1482 2087 1863 2165 disputatum.
1954 2086 2058 2147 Sin
2086 2098 2289 2146 autem

279 2184 542 2260 speciem
573 2183 842 2243 utilitatis
874 2183 1053 2243 etiam
1084 2187 1355 2262 voluptas
1386 2186 1604 2245 habere
1632 2183 1879 2256 dicetur,
1905 2185 2068 2242 nulla
2088 2192 2290 2260 potest

279 2301 411 2342 esse
450 2281 506 2341 ei
544 2301 681 2341 cum
721 2283 1034 2341 honestate
1073 2282 1436 2342 coniunctio.
1527 2285 1702 2352 Nam,
1735 2292 1800 2340 ut
1837 2280 2161 2340 tribuamus
2190 2280 2287 2339 ali-

277 2379 426 2457 quid
465 2379 772 2455 voluptati,
805 2379 1176 2440 condimenti
1216 2383 1464 2440 fortasse
1504 2379 1795 2450 nonnihil,
1828 2375 2093 2437 utilitatis
2128 2388 2287 2437 certe
2315 2397 2379 2434 20

277 2477 428 2536 nihil
457 2477 714 2535 habebit.

1125 2612 1432 2661 Conclusion.

405 2736 534 2776 121.
626 2719 835 2777 Habes
886 2738 921 2777 a
969 2730 1138 2795 patre
1182 2737 1418 2788 munuS‚
1471 2719 1676 2776 Marce
1718 2714 1815 2789 fili,
1867 2735 2001 2775 mea
2042 2715 2286 2792 quidem

274 2815 577 2876 sententia
619 2835 919 2894 magnum,
961 2817 1067 2876 sed
1106 2817 1355 2893 perinde
1392 2815 1516 2887 erit,
1559 2826 1625 2874 ut
1664 2814 1973 2891 acceperis
2065 2815 2287 2890 Quam-

273 2935 456 2992 quam
485 2915 546 2973 hi
576 2915 682 2975 tibi
712 2927 827 2975 tres
857 2915 988 2975 libri
1019 2916 1172 2977 inter
1194 2914 1464 2993 Cratippi
1494 2912 1956 2974 commentarios
1979 2924 2281 2989 tamquam

272 3013 540 3089 hospites
581 3024 749 3072 erunt
779 3013 1138 3090 recipiendi:
1185 3014 1291 3072 sed
1320 3010 1483 3084 ut‚·si
1513 3013 1641 3088 ipse
1670 3011 1966 3071 venissem
1999 3011 2279 3082 AthenaS,
2312 3028 2372 3082 25

379 3188 433 3221 12
469 3172 617 3220 verba
645 3179 694 3220 et
725 3172 969 3220 malorum
992 3172 1115 3220 delet
1144 3172 1380 3219 Muretus
1401 3185 1510 3218 var.
1537 3170 1639 3218 lect.
1665 3182 1782 3219 xlv.
1810 3185 1855 3233 3,
1881 3170 2184 3218 secluserunt
2207 3170 2285 3216 Ba

272 3254 440 3301 Heine
461 3253 585 3301 delet
611 3254 693 3301 Lu
724 3269 836 3302 cum
869 3254 1055 3302 duobus
1085 3254 1213 3302 codd.
1283 3256 1302 3310 ΙΙ
1376 3255 1432 3303 18
1467 3252 1648 3301 dicitur
1671 3252 1833 3300 Heine
1890 3256 1907 3308 ΙΙ
1967 3267 2027 3311 24
2058 3257 2107 3300 et
2141 3251 2192 3298 hi
2224 3252 2285 3299 St

261 3340 378 3397 post
410 3334 718 3382 Lambinum
749 3350 813 3382 ex
831 3335 1025 3398 aliquot
1044 3333 1245 3397 optimis
1264 3333 1394 3381 codd.
1433 3333 1569 3380 ‘cum
1593 3332 1821 3380 maxima
1840 3332 1975 3379 enim
1998 3330 2283 3379 urbanitate

271 3422 323 3465 et
346 3416 695 3479 interpositum
727 3423 810 3465 est.
887 3416 1275 3480 Intellegendum
1308 3414 1446 3462 enim
1468 3419 1518 3462 et
1541 3412 1691 3461 ceteri
1720 3418 1770 3460 et
1798 3411 1867 3458 hi.
1938 3412 2001 3458 Si
2019 3412 2194 3459 abesset
2214 3417 2280 3467 et,

270 3498 528 3547 contraria
550 3498 793 3545 sententia
815 3499 1038 3547 evaderet
1059 3497 1125 3558 hi,
1155 3512 1257 3545 non
1279 3494 1446 3550 ceteri,
1470 3494 1605 3559 quod
1608 3500 1900 3559 perversum
1923 3491 2026 3541 est,'
