2685 3938
275 224 379 284 III
410 242 455 282 11
487 220 550 304 8]
861 220 1186 296 Propost'tt'o
1227 220 1317 277 rei
1354 217 1687 278 tractandae
2241 234 2274 290 3

272 397 533 465 confid0‚
557 405 759 454 tamen
788 393 1125 453 conducere
1155 391 1405 451 arbitror
1433 390 1652 450 talibus
1680 407 1849 448 aures
1879 399 2010 447 tuas
2031 386 2280 447 vocibus

272 492 541 569 undique
596 490 1030 551 circumsonare
1086 509 1199 550 nec
1254 509 1372 567 eaS,
1424 488 1474 548 si
1523 487 1646 547 fieri
1701 484 1907 564 possit,
1958 485 2279 563 quicquam

273 590 433 650 aliud
473 591 694 650 audire.
783 592 836 647 6.
907 589 1089 663 Quod
1134 608 1273 648 cum
1320 587 1600 647 omnibus
1643 599 1733 647 est
1777 584 2136 656 faciendum,
2178 582 2280 662 qui

273 689 453 749 vitam
493 690 810 748 honestam
848 685 1075 763 ingredi
1116 685 1398 764 cogitant,
1430 695 1558 745 tum
1596 685 1756 744 haud
1793 683 1917 745 scio
1947 702 2025 742 an
2054 683 2280 743 nemini

272 786 473 866 potius
495 806 673 862 quam
697 783 820 845 tibi.
890 784 1158 845 Sustines
1190 784 1350 844 enim
1381 804 1504 844 non
1534 803 1773 862 parvam
1804 782 2276 861 expectationem
2310 801 2336 855 5

274 883 598 944 imitandae
627 883 950 943 industriae
978 895 1231 954 nostrae,
1257 901 1536 958 magnam
1562 882 1875 954 honorum,
1901 900 2023 940 non
2053 881 2277 939 nullam

273 982 522 1041 fortasse
550 980 826 1040 nominis,
913 979 1237 1059 Suscepisti
1266 1000 1419 1039 onus
1448 992 1752 1058 praeterea
1788 998 1963 1056 grave
2004 988 2061 1038 et
2098 979 2281 1039 Athe-

272 1098 483 1155 narum
513 1089 574 1139 et
604 1079 904 1158 Cratippi:
948 1081 1028 1141 ad
1055 1099 1208 1157 quos
1241 1099 1381 1140 cum
1423 1091 1725 1156 tamquam
1767 1080 1845 1138 ad
1887 1089 2278 1137 mercaturam

254 1179 563 1238 ‘bonarum
609 1177 820 1238 artium
865 1178 943 1238 sis
985 1181 1301 1257 profectuS,
1351 1177 1592 1237 inanem
1635 1177 1824 1237 redire
1875 1175 2278 1255 turpissimum

275 1289 364 1336 est
393 1277 854 1347 dedecorantem
886 1289 946 1337 et
974 1275 1135 1337 urbis
1156 1275 1576 1363 auctoritatem
1604 1285 1664 1336 et
1693 1274 1967 1351 magistri.
2055 1275 2191 1349 Qua
2217 1292 2279 1332 re
2313 1298 2372 1333 10

275 1385 566 1449 quantum
604 1372 790 1433 coniti
830 1372 1031 1433 animo
1059 1385 1248 1452 poteS,
1281 1382 1572 1449 quantum
1600 1372 1806 1430 labore
1834 1371 2281 1430 contendere—-

275 1472 327 1532 si
382 1472 653 1533 discendi
700 1474 870 1535 labor
915 1486 1002 1533 est
1057 1472 1257 1552 potius
1316 1492 1495 1549 quam
1547 1472 2131 1549 voluptas—tantum
2187 1472 2280 1530 fac

274 1580 341 1630 ut
380 1570 595 1645 efficias
633 1590 784 1630 neve
823 1572 1159 1630 committas
1197 1580 1280 1640 ut,
1323 1589 1459 1629 cum
1500 1567 1703 1629 omnia
1740 1568 2120 1646 suppeditata
2164 1567 2281 1628 sint

275 1687 314 1727 a
360 1667 551 1738 nobiS,
605 1679 730 1728 tute
779 1667 888 1728 tibi
935 1667 1191 1728 defuisse
1240 1666 1492 1728 videare.
1580 1668 1697 1727 Sed
1754 1668 1904 1727 haec
1959 1669 2279 1727 hactenus:

276 1766 462 1824 multa
490 1765 649 1825 enim
679 1786 857 1845 saepe
885 1767 965 1827 ad
994 1779 1053 1827 te
1081 1766 1435 1827 cohortandi
1461 1765 1646 1843 gratia
1674 1763 2027 1843 scripsimus,
2103 1767 2282 1825 Nunc
2314 1784 2369 1837 15

275 1864 356 1923 ad
382 1862 670 1940 reliquam
698 1874 925 1942 partem
960 1863 1299 1942 propositae
1328 1861 1636 1923 divisionis
1663 1872 2035 1922 revertamur.

277 2011 415 2061 Fifth
458 2011 676 2062 General
721 2013 873 2063 Head
925 2013 984 2062 of
1031 2013 1687 2063 Deliberation.—-General
1721 2012 2051 2062 observatiam·
2095 2028 2159 2061 on
2203 2012 2284 2061 the

405 2094 656 2172 conflzct
685 2095 888 2143 between
922 2094 1131 2143 Mor-al
1158 2095 1474 2144 Rectitude
1505 2095 1616 2142 and
1640 2095 2030 2158 Expediency.

287 2177 410 2225 This
435 2177 617 2240 subject
643 2176 737 2225 has
762 2177 878 2225 been
888 2177 1072 2240 passed
1085 2192 1202 2226 wer
1226 2177 1287 2238 by
1306 2176 1598 2233 Panaenus,
1623 2182 1723 2233 not,
1747 2178 1982 2235 however,
2013 2177 2284 2225 i‘sntentzon

405 2259 525 2322 αἱζγ,
548 2274 606 2306 as
624 2273 752 2306 some
770 2264 987 2321 suppose.

403 2375 453 2431 7.
541 2356 919 2417 Panaetius
958 2355 1147 2433 igitur,
1190 2357 1293 2433 qui
1339 2355 1468 2418 sine
1512 2357 1914 2418 controversia
1957 2358 2034 2418 de
2076 2357 2284 2417 officiis

276 2453 713 2514 accuratissime
752 2453 1073 2531 disputavit
1112 2474 1414 2531 quemque
1461 2473 1571 2513 nos
1617 2454 1985 2515 correctione
2024 2457 2283 2531 quadam

277 2551 557 2612 adhibita*
600 2550 974 2629 potissimum
1035 2551 1223 2612 secuti
1272 2571 1494 2623 summ,
1551 2551 1736 2611 tribus
1784 2552 2100 2629 generibus
2156 2573 2284 2631 pro-

276 2647 504 2725 positiS,
536 2648 597 2707 in
627 2647 844 2723 quibus
873 2647 1198 2708 deliberare
1227 2647 1500 2708 homines
1531 2661 1588 2708 et
1618 2650 1953 2710 consultare
1981 2652 2058 2709 de
2088 2651 2283 2711 officio
2309 2678 2377 2714 πο

277 2748 779 2817 solerent‚—un0,
812 2765 948 2805 cum
977 2744 1319 2805 dubitarent
1348 2748 1748 2826 honestumne
1777 2746 1839 2806 id
1868 2759 2023 2807 esset
2056 2747 2133 2808 de
2163 2768 2283 2825 quo

277 2855 549 2921 ageretur
584 2863 661 2903 an
702 2855 890 2921 turpe,
921 2845 1124 2917 altero,
1162 2844 1387 2906 utilene
1425 2855 1580 2905 esset
1617 2833 1696 2904 an
1734 2844 1961 2919 inutile,
2004 2845 2194 2916 tertio,
2235 2846 2284 2906 si

280 2942 359 3014 id,
401 2942 567 3018 quod
613 2940 874 3018 speciem
919 2941 1161 3001 haberet
1203 2942 1457 3016 honesti,
1499 2954 1790 3020 pugnaret
1830 2963 1968 3003 cum
2007 2963 2082 3004 eo
2120 2945 2284 3020 quod

279 3039 424 3099 utile
443 3038 754 3111 videretur,
780 3056 901 3113 quo
924 3039 1109 3099 modo
1140 3058 1212 3098 ea
1239 3039 1494 3100 discerni
1525 3052 1824 3119 oporteret
1844 3043 2020 3102 z—de
2049 3043 2284 3103 duobus

277 3135 595 3210 generibus
643 3131 845 3211 primis
895 3133 1077 3193 tribus
1127 3134 1288 3194 libris
1314 3133 1670 3214 explicavit,
1722 3139 1800 3197 de
1856 3137 2028 3197 tertio
2083 3150 2282 3198 autem
2313 3156 2375 3209 23

278 3250 496 3308 genere
532 3230 816 3309 deinceps
854 3251 919 3291 se
954 3231 1184 3311 scripsit
1222 3233 1519 3294 dicturum
1557 3254 1670 3296 nec
1707 3235 1955 3295 exsolvit
1997 3236 2078 3308 id,
2120 3237 2286 3313 quod

280 3328 650 3407 promiserat.
733 3332 785 3388 8.
847 3329 1031 3405 Quod
1089 3350 1162 3390 eo
1218 3332 1407 3408 magis
1462 3332 1655 3404 miror,
1714 3333 1856 3410 quia
1910 3332 2194 3413 scriptum
2251 3355 2286 3394 a

282 3425 577 3503 discipulo
626 3424 750 3485 eius
795 3427 1121 3488 Posidonio
1164 3440 1270 3500 est,
1316 3415 1553 3507 triginta
1593 3430 1764 3490 annis
1809 3428 2021 3490 vixisse
2065 3435 2282 3492 Panae·

281 3523 428 3584 tium
486 3534 698 3602 postea
752 3544 934 3601 quarn
990 3525 1122 3585 illos
1177 3526 1360 3587 libros
1416 3527 1714 3587 edidisset.
1826 3527 2022 3603 Quem
2083 3529 2285 3588 locum

1971 3641 2121 3680 1——2

2153 3871 2272 3880 -.—„—-.
