2685 3938
752 255 1058 313 NOTES
1135 257 1312 314 BOOK
1347 258 1447 315 111
1477 275 1513 314 c
1544 274 1632 314 v11
1661 258 1717 331 55
1747 276 1820 330 33
1853 276 1931 330 34
2274 259 2345 332 85

435 426 760 486 geometrae]
818 426 1314 487 ‘matliematicianS,’
1350 429 1500 478 Tusc.
1541 440 1561 478 1
1607 430 1634 487 5
1681 443 1708 491 5
1752 430 1809 477 in
1846 444 2038 476 summo
2076 430 2213 493 apud
2246 429 2351 478 illos

337 508 520 557 honore
545 510 867 571 geometria
883 508 1018 571 ficit,
1050 510 1219 572 itaque
1252 510 1393 557 nihil
1417 510 1766 559 mathemati
1771 526 1795 556 c
1806 511 1859 558 is
1886 510 2149 569 illustrius,
2177 510 2242 558 de
2264 509 2349 558 fin.

340 604 375 639 v
398 592 426 650 5
449 593 511 653 83
535 597 595 638 ut
614 591 672 638 in
688 591 1023 653 geometria
1035 593 1213 654 prima
1235 593 1283 640 si
1301 592 1488 639 deden&
1507 591 1677 640 danda
1696 598 1821 640 sunt
1838 592 2024 640 omnia.

435 675 472 721 1.
492 677 536 721 8.
587 684 691 730 quo
705 671 1269 731 facinus—explicent]
1303 673 1385 720 i.e.
1411 678 1473 720 ut
1496 687 1564 719 eo
1571 671 1786 735 facilius
1808 673 2061 736 explicent,
2084 672 2346 742 finalsubj.

340 755 417 803 ‘in
441 754 586 803 order
609 761 661 802 to
685 753 886 816 explain
910 768 1048 802 more
1071 753 1226 817 easily
1249 754 1457 817 thereby
1480 753 1612 802 what
1636 754 1754 818 they
1778 754 1944 803 want.’

433 841 472 886 1.
497 844 572 887 10.
641 840 690 885 ³1
710 837 884 897 potes]
907 836 958 885 in
982 837 1268 901 opposition
1292 844 1347 885 to
1368 838 1448 885 sin
1471 852 1573 886 non
1594 837 1719 893 licen
1745 836 1779 884 l.
1798 826 1829 886 ἰ
1843 853 1885 885 1.

433 922 472 967 1.
505 925 582 968 11.
647 919 1020 980 expetendum]
1052 919 1371 983 expetenda
1397 934 1503 967 esse
1536 918 1692 967 Stoici
1723 919 1971 979 dicebant,
2002 937 2128 984 quae
2159 937 2247 986 per
2278 938 2347 979 se,

336 1001 473 1049 bona
495 1006 658 1049 cetera
677 1001 876 1063 legenda
899 1001 976 1048 vel
1002 1000 1258 1059 sumenda,
1286 1010 1305 1047 1
1328 1000 1356 1059 5
1385 1014 1458 1059 12,
1489 1014 1568 1062 23.
1637 1001 1706 1049 H.

262 1139 268 1146 .
435 1084 521 1131 sin
551 1085 650 1131 hoo
680 1095 788 1132 non
825 1085 952 1131 licet
985 1094 1082 1140 per
1119 1082 1452 1142 Cratippum]
1490 1082 1603 1130 ‘but
1646 1081 1691 1130 is
1728 1098 1827 1146 you
1864 1098 1982 1145 may
2014 1090 2104 1133 not
2140 1084 2347 1133 without

335 1163 609 1213 hindrance
632 1163 759 1212 from
784 1164 1088 1228 CratippuS‚'
1112 1178 1191 1227 cp.
1222 1179 1314 1226 pro
1338 1163 1449 1211 Mil.
1477 1165 1504 1222 5
1528 1179 1589 1226 43
1611 1165 1745 1229 quod
1760 1171 1854 1213 aut
1867 1173 1973 1229 per
1995 1172 2235 1213 naturam
2256 1167 2349 1228 fizs

335 1255 464 1307 essct,
507 1253 602 1296 aut
625 1255 735 1312 per
767 1248 886 1310 leges
918 1247 1144 1306 liceret,
1176 1245 1316 1295 Verr.
1359 1258 1394 1293 v
1429 1260 1493 1310 49
1526 1247 1573 1294 si
1596 1254 1690 1309 per
1723 1246 1782 1294 L.
1821 1246 2076 1294 Metellum
2110 1246 2344 1295 licitum

335 1336 497 1380 esset.

430 1418 468 1463 1.
494 1420 570 1463 12.
636 1417 698 1464 at
726 1417 862 1463 mun
893 1418 1035 1464 certo
1068 1414 1243 1475 dabis]
1278 1417 1387 1478 ‘yet
1418 1412 1516 1463 this
1546 1419 1597 1461 at
1619 1412 1687 1461 all
1710 1419 1881 1460 events
1912 1428 2010 1476 you
2035 1412 2136 1460 will
2166 1412 2345 1475 grant.'

336 1499 432 1563 Cp.
459 1511 479 1547 1
503 1500 528 1557 5
550 1510 630 1562 35,
652 1501 681 1559 5
709 1514 816 1561 114,
848 1498 1058 1562 Madvig
1080 1498 1170 1547 Gr.
1198 1500 1225 1558 5
1248 1509 1342 1560 437
1358 1512 1401 1547 c.

432 1581 606 1641 dabis]
670 1580 757 1644 i.q.
782 1581 1100 1637 concedes,
1124 1580 1189 1630 de
1210 1578 1306 1629 fin.'
1323 1592 1366 1627 11
1392 1580 1419 1638 5
1442 1581 1522 1638 82,
1553 1590 1610 1627 ιν
1632 1580 1659 1637 5
1682 1592 1760 1641 49,
1788 1577 1852 1626 de
1875 1577 1976 1625 div,
2006 1589 2023 1625 1
2048 1578 2075 1636 5
2105 1592 2208 1640 113.

431 1666 468 1711 1.
509 1667 582 1711 13.
653 1673 900 1710 maxume
932 1666 1152 1720 propter
1195 1660 1273 1721 se]
1318 1660 1405 1709 the
1444 1657 1668 1708 doctrine
1702 1657 1760 1706 of
1798 1658 1882 1706 the
1916 1657 2253 1721 Peripatetics‚
2291 1664 2345 1705 to

335 1742 500 1792 which
529 1750 632 1792 sect
665 1743 936 1807 Cratippus
970 1743 1237 1806 belonged.
2258 1742 2263 1746 “

430 1828 564 1873 mihi
605 1828 874 1873 utrumvis
917 1827 1053 1873 satis
1092 1828 1176 1873 est
1219 1824 1348 1885 cet]
1388 1822 1568 1877 ‘either
1605 1821 1665 1871 of
1703 1822 1788 1871 the
1827 1828 1927 1870 two
1966 1837 2063 1885 you
2100 1820 2267 1884 please
2303 1820 2344 1868 is

332 1907 577 1957 sufficient
610 1908 685 1956 for
717 1924 802 1972 my
832 1923 1061 1973 purpose,
1099 1908 1198 1955 and
1236 1923 1351 1955 now
1386 1906 1502 1966 this,
1537 1921 1652 1954 now
1684 1906 1789 1954 that
1818 1921 2028 1971 appears
2062 1920 2198 1953 more
2233 1921 2342 1969 pro-

333 1990 514 2050 bable‚’
557 1997 665 2041 tum
708 1991 811 2048 hoc,
862 1991 948 2040 the
995 1989 1371 2054 Peripatetic
1415 1989 1640 2038 doctrine
1683 1989 1931 2036 honestum
1977 2004 2070 2036 esse
2099 1995 2345 2051 proxume

327 2080 529 2137 propter
545 2089 593 2121 se
610 2074 921 2137 expetendum
932 2089 959 2132 ,·
989 2080 1099 2122 tum
1122 2071 1267 2132 illud,
1288 2070 1375 2120 the
1400 2071 1566 2120 Stoic
1588 2069 1690 2119 sola
1713 2070 1910 2118 honesta
1933 2085 2027 2117 esse
2049 2069 2185 2117 bona.
2246 2068 2340 2132 Cp.

331 2156 396 2220 de
418 2170 517 2204 am.
545 2156 573 2215 5
601 2169 658 2216 13
688 2156 778 2220 qui
801 2153 1065 2219 (Socrates)
1091 2171 1192 2203 non
1224 2160 1331 2202 tum
1366 2153 1463 2213 hoc,
1492 2160 1599 2200 tum
1634 2151 1778 2205 illud,
1806 2159 1865 2214 ut
1894 2149 1951 2198 in
1975 2150 2238 2214 plerisque,
2265 2151 2348 2197 sed

331 2237 458 2284 idem
480 2243 667 2299 semper
689 2236 776 2298 (sc.
798 2234 1019 2299 dicebat).
1092 2235 1226 2284 ‘The
1260 2235 1385 2282 later
1418 2233 1731 2288 AcademicS‚
1756 2231 2072 2296 particularly
2095 2231 2341 2279 Arcesilas

332 2317 432 2366 and
479 2317 1003 2383 Carneades...prided
1050 2315 1347 2365 themselves
1392 2331 1458 2364 on
1493 2322 1582 2362 not
1618 2314 1768 2376 being
1802 2312 2005 2376 obliged
2045 2320 2096 2361 to
2135 2320 2338 2376 support

331 2397 686 2463 dogmatically
702 2414 799 2462 any
816 2406 890 2448 set
908 2397 966 2446 of
981 2398 1155 2453 views;
1182 2396 1330 2444 while
1349 2394 1514 2444 others
1535 2410 1663 2444 were
1681 2395 1731 2442 in
1751 2393 1980 2457 bondage
1998 2401 2052 2442 to
2069 2386 2334 2451 doctrines,

331 2479 451 2542 they
480 2479 626 2527 alone
657 2494 786 2528 were
821 2479 922 2528 free
957 2486 1012 2527 to
1051 2485 1139 2542 put
1174 2476 1390 2525 forward
1419 2482 1556 2524 ‘now
1591 2475 1708 2535 this,
1749 2490 1863 2523 now
1894 2471 2036 2522 that.’
2102 2473 2197 2537 Cp.
2232 2474 2337 2522 Cic.

331 2560 696 2610 Academica
716 2563 911 2626 passim
935 2561 1023 2609 but
1046 2548 1368 2624 particularly
1392 2571 1435 2608 11
1467 2575 1556 2620 134
1581 2565 1709 2606 tum
1744 2557 1843 2605 hoc
1866 2556 1994 2605 milei
2015 2555 2337 2619 probabilius,

329 2652 455 2692 tum
481 2645 646 2693 illud
663 2644 877 2698 videtur,
908 2655 947 2691 11
983 2658 1065 2691 121
1095 2643 1253 2690 modo
1275 2642 1377 2689 hoc
1406 2641 1565 2690 modo
1596 2640 1760 2688 illud
1776 2637 2084 2702 probabilius
2108 2637 2339 2695 videtum

329 2729 438 2776 also
459 2728 525 2777 de
547 2734 649 2775 nat.
674 2727 725 2775 d.
758 2741 797 2783 ι,
826 2740 885 2789 47
918 2726 1057 2773 Cotta
1091 2741 1223 2773 meus
1255 2724 1413 2772 modo
1444 2723 1545 2771 hoc
1577 2722 1739 2771 modo
1769 2719 1961 2777 illml,’
1988 2719 2116 2768 Reid
2139 2735 2206 2766 on
2230 2720 2334 2768 Cic.

329 2811 394 2859 de
417 2825 515 2881 am.
540 2811 567 2868 5
597 2824 669 2871 13.

427 2936 453 2993 5
485 2939 589 2991 34,
624 2938 661 2982 1.
690 2940 768 2985 16.
834 2937 1117 2984 Panaetius
1153 2935 1509 2982 defendendus
1543 2931 1647 2991 est]
1716 2928 1926 2993 Against
1962 2929 2060 2977 this
2098 2927 2333 2992 reproach

327 3015 508 3065 Cicero
530 3016 621 3064 has
643 3017 845 3080 already
866 3016 1114 3065 defended
1144 3015 1406 3063 Panaetius
1428 3015 1455 3072 5
1487 3017 1558 3062 18.

424 3101 462 3145 1.
486 3102 562 3146 17.
635 3100 775 3154 quod
796 3098 1012 3159 dixerit]
1080 3097 1137 3144 P.
1164 3096 1217 3145 S.
1246 3096 1336 3144 Gr.
1361 3098 1387 3154 5
1410 3093 1521 3159 469.

424 3178 606 3238 utilia]
628 3177 795 3241 things
818 3178 972 3242 really
994 3177 1259 3242 expedient
1284 3176 1335 3225 in
1359 3191 1476 3240 opp.
1508 3184 1560 3224 to
1581 3190 1709 3239 quae
1726 3174 2013 3222 viderentur
2034 3172 2198 3220 utilia.

422 3263 461 3308 1.
488 3265 562 3309 18.
634 3273 805 3319 neque
839 3265 981 3310 emm
1014 3266 1064 3310 el
1096 3264 1180 3309 fas
1213 3260 1356 3320 erat]
1388 3260 1463 3308 for
1493 3258 1558 3307 he
1592 3259 1741 3308 could
1774 3265 1863 3305 not
1895 3256 2216 3318 consistently
2247 3271 2333 3317 say

324 3357 402 3402 so,
428 3343 563 3391 since
584 3358 640 3391 as
661 3359 693 3392 a
716 3343 854 3393 Stoic
878 3343 942 3392 he
972 3343 1088 3392 held
1121 3344 1226 3392 that
1259 3342 1501 3392 rectitude
1525 3357 1625 3391 was
1651 3348 1739 3389 not
1773 3340 1892 3403 only
1911 3340 1997 3388 the
2024 3339 2220 3402 highest
2246 3340 2330 3386 but

323 3424 413 3472 the
436 3424 542 3472 sole
563 3424 713 3487 good,
741 3425 769 3483 5
797 3440 869 3472 11.

424 3508 461 3551 1.
487 3510 561 3554 19.
629 3508 764 3554 num
795 3504 942 3565 vero]
987 3520 1098 3552 vero
1137 3504 1349 3568 pertinet
1382 3503 1446 3552 ad
1487 3503 1784 3551 solutionem
1824 3501 2146 3549 dubitationis
2179 3501 2332 3548 niodo

324 3586 553 3635 iniectae.
623 3591 677 3638 Z.
