2685 3938
360 228 463 285 III
494 243 602 285 xvr
635 221 738 305 68]
815 225 914 281 De
950 224 1295 283 contentione
1336 208 1584 280 Honesti
1619 228 1670 278 et
1719 221 1901 280 Utilis
2290 235 2364 293 29

358 407 796 475 cognossetque
846 396 1167 456 Claudium
1217 395 1398 453 aedes
1446 402 1657 471 postea
1703 388 2137 470 proscripsisse,
2184 407 2367 465 quam

360 505 517 555 esset
561 495 640 553 ab
682 491 998 569 auguribus
1045 489 1318 550 demoliri
1362 490 1571 561 iussus,
1612 487 1895 548 arbitrum
1940 487 2108 546 illum
2149 484 2366 562 adegit,

361 609 668 666 vaerD
697 608 817 650 SIBI
847 607 1021 649 DARE
1052 605 1292 647 FACERE
1321 604 1697 648 OPORTERET
1727 605 1810 645 Ex
1842 603 1989 645 ΗΒΕ
2019 602 2201 644 BONA.

908 753 1102 803 Verdz'ct
1131 751 1193 816 of
1212 753 1289 801 M.
1336 754 1457 801 Cato
1487 768 1551 800 on
1584 753 1687 800 tlzis
1717 767 1836 800 case.

489 876 572 932 M.
616 873 769 932 Cato
813 869 1173 930 sententiam
1216 867 1380 939 dixit,
1427 868 1600 927 huius
1650 867 1838 927 nostri
1889 868 2137 929 Catonis
2186 879 2368 946 pater.

367 974 455 1031 Ut
499 969 659 1030 enim
703 968 884 1028 ceteri
930 986 1001 1026 ex
1050 965 1330 1044 patribus,
1379 965 1463 1025 sic
1512 965 1625 1036 hic,
1671 965 1774 1042 qui
1813 965 1961 1025 illud
2000 968 2203 1026 lumen
2246 986 2373 1043 pro·
2400 992 2429 1045 5

366 1066 589 1145 genuit,
623 1085 694 1125 ex
721 1065 843 1123 filio
874 1075 963 1122 est
1004 1061 1422 1123 nominandus,
1513 1064 1573 1122 Is
1595 1062 1772 1140 igitur
1800 1061 1981 1122 iudex
2008 1061 2090 1121 ita
2118 1082 2376 1141 pronun-

369 1165 553 1237 tiavit,
599 1169 767 1221 ‘cum
811 1161 873 1220 in
910 1162 1237 1221 vendundo
1277 1181 1399 1220 rem
1441 1179 1574 1219 eam
1618 1158 1833 1236 scisset,
1862 1171 1922 1220 et
1959 1178 2082 1218 non
2120 1180 2375 1238 pronun-

369 1263 587 1331 flasset,
639 1258 894 1338 emptori
943 1259 1229 1317 damnum
1285 1256 1569 1335 praestari
1626 1255 1936 1335 oportere.'
2049 1261 2143 1332 67.
2217 1259 2376 1335 Ergo

369 1361 445 1421 ad
476 1360 655 1419 fidem
685 1359 907 1418 bonam
939 1355 1142 1417 statuit
1164 1355 1458 1435 pertinere
1482 1369 1693 1416 notum
1716 1376 1847 1417 esse
1868 1355 2122 1434 emptori
2150 1355 2373 1428 vitium,

372 1459 535 1535 quod
578 1469 780 1517 nosset
822 1454 1117 1516 venditor.
1205 1455 1389 1530 Quod
1432 1454 1481 1514 si
1523 1466 1684 1514 recte
1724 1452 2020 1525 iudicavit,
2054 1473 2176 1514 non
2219 1466 2377 1515 recte
2410 1479 2470 1515 10

371 1551 786 1615 frumentarius
836 1551 952 1624 ille,
999 1570 1124 1610 non
1174 1562 1334 1612 recte
1377 1550 1615 1611 aedium
1657 1550 2063 1628 pestilentium
2106 1550 2379 1611 venditor

372 1653 569 1715 tacuit.
658 1654 776 1714 Sed
819 1650 1162 1710 huiusmodi
1206 1649 1551 1711 reticentiae
1594 1650 1721 1709 iure
1762 1649 1919 1710 civili
1962 1669 2172 1709 omnes
2214 1669 2376 1710 com-

374 1748 661 1829 prehendi
726 1768 852 1808 non
915 1758 1201 1826 possunt:
1274 1767 1429 1824 quae
1484 1759 1684 1807 autem
1744 1758 2011 1824 possunt,
2070 1747 2380 1824 diligenter

374 1857 662 1908 tenentur.

375 2012 603 2060 Another
632 2027 736 2059 case
766 2011 829 2075 of
849 2011 1090 2069 reticence,
1123 2011 1236 2059 that
1264 2011 1326 2075 of
1347 2012 1426 2059 M.
1457 2013 1664 2078 Marius
1691 2014 2038 2063 Gratidianus.
2105 2014 2384 2076 Dzfference

577 2093 639 2157 of
657 2092 862 2157 opinion
893 2092 1099 2146 between
1139 2093 1350 2141 Crassus
1381 2094 1491 2140 and
1516 2095 1776 2143 Antonius
1805 2110 1870 2143 on
1902 2095 2006 2143 this
2042 2096 2177 2144 Case.

500 2211 587 2267 M.
642 2208 870 2268 Marius
916 2208 1316 2280 GratidianuS,
1370 2208 1743 2287 propinquus
1793 2221 2011 2287 noster,
2064 2211 2130 2272 C.
2181 2211 2382 2289 Sergio
2416 2236 2473 2288 15

380 2308 598 2368 Oratae
636 2306 988 2366 vendiderat
1033 2308 1214 2367 aedes
1265 2326 1382 2377 eaS,
1430 2326 1576 2382 quas
1619 2308 1696 2365 ab
1743 2310 1959 2367 eodem
2008 2307 2136 2387 ipse
2178 2308 2383 2387 paucis

379 2417 518 2465 ante
563 2405 735 2464 annis
780 2416 1020 2465 emerat.
1114 2407 1241 2465 Eae
1291 2401 1549 2485 [Sergio]
1596 2405 1950 2480 serviebant,
2002 2409 2108 2467 sed
2160 2408 2275 2467 hoc
2324 2407 2383 2465 in

380 2502 678 2582 mancipio
731 2502 959 2563 Marius
1009 2522 1132 2564 non
1183 2502 1422 2564 dixerat.
1511 2505 1793 2565 Adducta
1848 2526 1939 2566 res
1984 2505 2045 2565 in
2100 2506 2385 2567 iudicium

381 2612 486 2661 est.
575 2603 821 2661 Oratam
875 2603 1139 2671 CrassuS‚
1186 2601 1600 2661 Gratidianum
1658 2604 2019 2664 defendebat
2068 2603 2383 2664 Antonius

383 2701 487 2758 Ius
544 2700 792 2760 Crassus
848 2700 1152 2776 urguebat,
1214 2702 1414 2777 ‘quod
1471 2700 1576 2760 viti
1631 2702 1906 2762 venditor
1966 2721 2086 2762 non
2145 2703 2387 2762 dixisset
2414 2724 2478 2760 20

383 2796 593 2870 sciens,
637 2795 702 2856 id
744 2807 1018 2875 oportere
1073 2797 1398 2877 praestari‚'
1440 2798 1800 2875 aequitatem
1846 2799 2162 2871 AntoniuS,
2212 2806 2390 2877 ‘quo-

382 2895 543 2952 niam
582 2892 643 2953 id
678 2893 886 2953 vitium
928 2894 1199 2972 ignotum
1242 2895 1446 2973 Sergio
1489 2916 1611 2954 non
1652 2895 1871 2968 fuisset,
1905 2897 2004 2973 qui
2042 2897 2171 2956 illas
2210 2898 2389 2958 aedes

383 2990 766 3064 vendidisset,
789 2990 935 3050 nihil
965 2990 1142 3052 fuisse
1165 3011 1410 3053 necesse
1432 2992 1550 3053 dici
1580 3013 1692 3053 nec
1720 3013 1857 3053 eum
1889 3014 2019 3054 esse
2048 2996 2387 3073 deceptum,

386 3089 484 3165 qui
515 3089 594 3162 id,
625 3089 785 3165 quod
820 3102 1061 3163 emerat,
1085 3110 1208 3166 quo
1236 3089 1363 3150 iure
1393 3103 1547 3152 esset
1579 3095 1840 3153 teneret.²
1950 3098 2039 3154 68.
2118 3095 2389 3169 Quorsus

385 3187 577 3245 haec?
620 3197 686 3245 ut
734 3186 880 3245 illud
931 3185 1256 3263 intellegas,
1303 3207 1429 3248 non
1470 3189 1764 3266 placuisse
1809 3191 2130 3252 maioribus
2173 3190 2388 3251 nostris
2419 3212 2478 3265 25

386 3293 627 3342 astutos.

490 3476 546 3526 17
580 3482 669 3516 eae
689 3466 972 3516 serviebant
993 3468 1075 3516 Ba
1101 3468 1171 3517 Be
1191 3469 1359 3518 Heine
1370 3476 1485 3532 post
1498 3470 1871 3532 Heus-ingeram
1894 3471 1999 3518 coll.
2024 3471 2124 3518 Cic.
2143 3471 2200 3517 de
2220 3476 2343 3517 orat.

390 3548 417 3607 ἓ
444 3550 550 3610 178,
573 3550 630 3597 de
661 3550 746 3613 leg.
777 3566 884 3613 agr.
916 3558 982 3593 11!
1007 3550 1032 3608 g
1060 3565 1108 3615 9,
1134 3565 1194 3598 ea
1224 3566 1342 3614 ergo
1373 3550 1652 3599 serviebant
1686 3554 1744 3598 St
1771 3567 1833 3598 ex
1862 3552 1982 3598 coni.
