<?xml version="1.0" encoding="UTF-8"?>
<!DOCTYPE html PUBLIC "-//W3C//DTD XHTML 1.0 Transitional//EN"
    "http://www.w3.org/TR/xhtml1/DTD/xhtml1-transitional.dtd">
<html xmlns="http://www.w3.org/1999/xhtml" xml:lang="en" lang="en">
 <head>
  <title>
</title>
<meta http-equiv="Content-Type" content="text/html;charset=utf-8" />
  <meta name='ocr-system' content='tesseract 3.04.00' />
  <meta name='ocr-capabilities' content='ocr_page ocr_carea ocr_par ocr_line ocrx_word'/>
</head>
<body>
  <div class='ocr_page' id='page_1' title='image "./cicerodeofficii00unkngoog_0036.png"; bbox 0 0 2685 3938; ppageno 0'>
   <div class='ocr_carea' id='block_1_1' title="bbox 389 207 2387 290">
    <p class='ocr_par' dir='ltr' id='par_1_1' title="bbox 389 207 2387 290">
     <span class='ocr_line' id='line_1_1' title="bbox 389 207 2387 290; baseline -0.002 -19"><span class='ocrx_word' id='word_1_1' title='bbox 389 212 426 271; x_wconf 84' lang='grc'>8</span> <span class='ocrx_word' id='word_1_2' title='bbox 851 214 950 270; x_wconf 88' lang='lat' dir='ltr'><strong>De</strong></span> <span class='ocrx_word' id='word_1_3' title='bbox 988 212 1328 270; x_wconf 81' lang='lat' dir='ltr'><em>contentione</em></span> <span class='ocrx_word' id='word_1_4' title='bbox 1367 212 1614 269; x_wconf 83' lang='lat' dir='ltr'><em>Honesti</em></span> <span class='ocrx_word' id='word_1_5' title='bbox 1650 218 1701 268; x_wconf 86' lang='lat' dir='ltr'><strong>et</strong></span> <span class='ocrx_word' id='word_1_6' title='bbox 1753 212 1928 270; x_wconf 80' lang='lat' dir='ltr'><strong>Utilis</strong></span> <span class='ocrx_word' id='word_1_7' title='bbox 2057 207 2185 290; x_wconf 93' lang='lat' dir='ltr'>[III</span> <span class='ocrx_word' id='word_1_8' title='bbox 2217 227 2281 267; x_wconf 86' lang='lat' dir='ltr'><strong>1v</strong></span> <span class='ocrx_word' id='word_1_9' title='bbox 2316 229 2387 268; x_wconf 87' lang='lat'><strong>20</strong></span> 
     </span>
    </p>
   </div>
   <div class='ocr_carea' id='block_1_2' title="bbox 390 379 2446 1218">
    <p class='ocr_par' dir='ltr' id='par_1_2' title="bbox 390 379 2446 1218">
     <span class='ocr_line' id='line_1_2' title="bbox 391 379 2384 458; baseline -0.002 -19"><span class='ocrx_word' id='word_1_10' title='bbox 391 390 560 458; x_wconf 85' lang='lat' dir='ltr'><strong>turpe</strong></span> <span class='ocrx_word' id='word_1_11' title='bbox 601 382 952 458; x_wconf 88' lang='lat' dir='ltr'><strong>plerumque</strong></span> <span class='ocrx_word' id='word_1_12' title='bbox 992 380 1195 441; x_wconf 91' lang='lat' dir='ltr'><strong>haberi</strong></span> <span class='ocrx_word' id='word_1_13' title='bbox 1234 382 1439 454; x_wconf 84' lang='lat' dir='ltr'><strong>soleat,</strong></span> <span class='ocrx_word' id='word_1_14' title='bbox 1484 379 1816 440; x_wconf 89' lang='lat' dir='ltr'><strong>inveniatur</strong></span> <span class='ocrx_word' id='word_1_15' title='bbox 1860 399 1984 439; x_wconf 92' lang='lat' dir='ltr'><strong>non</strong></span> <span class='ocrx_word' id='word_1_16' title='bbox 2028 398 2158 439; x_wconf 92' lang='lat' dir='ltr'><strong>esse</strong></span> <span class='ocrx_word' id='word_1_17' title='bbox 2200 390 2384 457; x_wconf 88' lang='lat' dir='ltr'><strong>turpe.</strong></span> 
     </span>
     <span class='ocr_line' id='line_1_3' title="bbox 393 476 2389 556; baseline -0.001 -19"><span class='ocrx_word' id='word_1_18' title='bbox 393 477 666 555; x_wconf 86' lang='lat' dir='ltr'><strong>Exempli</strong></span> <span class='ocrx_word' id='word_1_19' title='bbox 708 496 887 538; x_wconf 91' lang='lat' dir='ltr'><strong>causa</strong></span> <span class='ocrx_word' id='word_1_20' title='bbox 926 489 1182 555; x_wconf 91' lang='lat' dir='ltr'><strong>ponatur</strong></span> <span class='ocrx_word' id='word_1_21' title='bbox 1224 476 1450 554; x_wconf 91' lang='lat' dir='ltr'><strong>aliquid</strong></span> <span class='ocrx_word' id='word_1_22' title='bbox 1493 479 1655 555; x_wconf 92' lang='lat' dir='ltr'><strong>quod</strong></span> <span class='ocrx_word' id='word_1_23' title='bbox 1698 487 1897 556; x_wconf 90' lang='lat' dir='ltr'><strong>pateat</strong></span> <span class='ocrx_word' id='word_1_24' title='bbox 1939 476 2148 537; x_wconf 88' lang='lat' dir='ltr'><strong>latius:</strong></span> <span class='ocrx_word' id='word_1_25' title='bbox 2207 476 2389 553; x_wconf 85' lang='lat' dir='ltr'><strong>Quod</strong></span> 
     </span>
     <span class='ocr_line' id='line_1_4' title="bbox 390 573 2389 652; baseline -0.001 -18"><span class='ocrx_word' id='word_1_26' title='bbox 390 585 585 652; x_wconf 91' lang='lat' dir='ltr'><strong>potest</strong></span> <span class='ocrx_word' id='word_1_27' title='bbox 628 573 819 634; x_wconf 91' lang='lat' dir='ltr'><strong>maius</strong></span> <span class='ocrx_word' id='word_1_28' title='bbox 863 595 991 635; x_wconf 91' lang='lat' dir='ltr'><strong>esse</strong></span> <span class='ocrx_word' id='word_1_29' title='bbox 1037 576 1230 636; x_wconf 91' lang='lat' dir='ltr'><strong>scelus</strong></span> <span class='ocrx_word' id='word_1_30' title='bbox 1275 595 1455 651; x_wconf 87' lang='lat' dir='ltr'><strong>quam</strong></span> <span class='ocrx_word' id='word_1_31' title='bbox 1506 595 1630 635; x_wconf 93' lang='lat' dir='ltr'><strong>non</strong></span> <span class='ocrx_word' id='word_1_32' title='bbox 1678 575 1864 636; x_wconf 91' lang='lat' dir='ltr'><strong>modo</strong></span> <span class='ocrx_word' id='word_1_33' title='bbox 1914 575 2236 648; x_wconf 89' lang='lat' dir='ltr'><strong>hominem,</strong></span> <span class='ocrx_word' id='word_1_34' title='bbox 2284 574 2389 634; x_wconf 89' lang='lat' dir='ltr'><strong>sed</strong></span> 
     </span>
     <span class='ocr_line' id='line_1_5' title="bbox 390 671 2388 749; baseline -0.001 -17"><span class='ocrx_word' id='word_1_35' title='bbox 390 671 570 732; x_wconf 92' lang='lat' dir='ltr'><strong>etiam</strong></span> <span class='ocrx_word' id='word_1_36' title='bbox 639 673 983 734; x_wconf 83' lang='lat' dir='ltr'>familiarem</span> <span class='ocrx_word' id='word_1_37' title='bbox 1053 673 1359 733; x_wconf 91' lang='lat' dir='ltr'><strong>hominem</strong></span> <span class='ocrx_word' id='word_1_38' title='bbox 1429 672 1747 733; x_wconf 84' lang='lat' dir='ltr'><strong>occidere?</strong></span> <span class='ocrx_word' id='word_1_39' title='bbox 1852 675 2014 731; x_wconf 94' lang='lat' dir='ltr'><strong>Num</strong></span> <span class='ocrx_word' id='word_1_40' title='bbox 2083 672 2257 749; x_wconf 86' lang='lat' dir='ltr'><strong>igitur</strong></span> <span class='ocrx_word' id='word_1_41' title='bbox 2324 691 2388 731; x_wconf 91' lang='lat' dir='ltr'><strong>se</strong></span> 
     </span>
     <span class='ocr_line' id='line_1_6' title="bbox 391 768 2446 848; baseline 0 -20"><span class='ocrx_word' id='word_1_42' title='bbox 391 769 656 829; x_wconf 87' lang='lat' dir='ltr'><strong>astrinxit</strong></span> <span class='ocrx_word' id='word_1_43' title='bbox 711 773 946 842; x_wconf 89' lang='lat' dir='ltr'><strong>scelere,</strong></span> <span class='ocrx_word' id='word_1_44' title='bbox 1001 770 1049 830; x_wconf 90' lang='lat' dir='ltr'><strong>si</strong></span> <span class='ocrx_word' id='word_1_45' title='bbox 1095 770 1198 847; x_wconf 92' lang='lat' dir='ltr'><strong>qui</strong></span> <span class='ocrx_word' id='word_1_46' title='bbox 1248 782 1561 848; x_wconf 90' lang='lat' dir='ltr'><strong>tyrannum</strong></span> <span class='ocrx_word' id='word_1_47' title='bbox 1609 769 1827 832; x_wconf 92' lang='lat' dir='ltr'><strong>occidit</strong></span> <span class='ocrx_word' id='word_1_48' title='bbox 1872 770 2141 847; x_wconf 92' lang='lat' dir='ltr'><strong>quamvis</strong></span> <span class='ocrx_word' id='word_1_49' title='bbox 2185 768 2390 830; x_wconf 87' lang='lat' dir='ltr'><strong>famili·</strong></span> <span class='ocrx_word' id='word_1_50' title='bbox 2417 786 2446 838; x_wconf 89' lang='lat'><strong>5</strong></span> 
     </span>
     <span class='ocr_line' id='line_1_7' title="bbox 390 868 2389 947; baseline 0.001 -22"><span class='ocrx_word' id='word_1_51' title='bbox 390 872 595 928; x_wconf 84' lang='lat' dir='ltr'><strong>arem?</strong></span> <span class='ocrx_word' id='word_1_52' title='bbox 678 871 910 947; x_wconf 92' lang='lat' dir='ltr'><strong>Populo</strong></span> <span class='ocrx_word' id='word_1_53' title='bbox 952 869 1195 945; x_wconf 87' lang='lat' dir='ltr'><strong>quidem</strong></span> <span class='ocrx_word' id='word_1_54' title='bbox 1241 873 1522 930; x_wconf 89' lang='lat' dir='ltr'><strong>Romano</strong></span> <span class='ocrx_word' id='word_1_55' title='bbox 1565 890 1687 931; x_wconf 91' lang='lat' dir='ltr'><strong>non</strong></span> <span class='ocrx_word' id='word_1_56' title='bbox 1730 869 1978 937; x_wconf 90' lang='lat' dir='ltr'><strong>videtur,</strong></span> <span class='ocrx_word' id='word_1_57' title='bbox 2007 868 2110 946; x_wconf 92' lang='lat' dir='ltr'><strong>qui</strong></span> <span class='ocrx_word' id='word_1_58' title='bbox 2155 889 2226 928; x_wconf 90' lang='lat' dir='ltr'><strong>ex</strong></span> <span class='ocrx_word' id='word_1_59' title='bbox 2269 889 2389 928; x_wconf 90' lang='lat' dir='ltr'><strong>om·</strong></span> 
     </span>
     <span class='ocr_line' id='line_1_8' title="bbox 390 961 2391 1043; baseline 0.001 -23"><span class='ocrx_word' id='word_1_60' title='bbox 390 961 565 1022; x_wconf 91' lang='lat' dir='ltr'><strong>nibus</strong></span> <span class='ocrx_word' id='word_1_61' title='bbox 602 964 915 1040; x_wconf 89' lang='lat' dir='ltr'><strong>praeclaris</strong></span> <span class='ocrx_word' id='word_1_62' title='bbox 954 964 1122 1025; x_wconf 90' lang='lat' dir='ltr'><strong>factis</strong></span> <span class='ocrx_word' id='word_1_63' title='bbox 1160 963 1306 1024; x_wconf 91' lang='lat' dir='ltr'><strong>illud</strong></span> <span class='ocrx_word' id='word_1_64' title='bbox 1346 963 1802 1043; x_wconf 87' lang='lat' dir='ltr'><strong>pulcherrimum</strong></span> <span class='ocrx_word' id='word_1_65' title='bbox 1833 962 2144 1023; x_wconf 87' lang='lat' dir='ltr'><strong>existimat.</strong></span> <span class='ocrx_word' id='word_1_66' title='bbox 2231 961 2391 1023; x_wconf 88' lang='lat' dir='ltr'><strong>Vicit</strong></span> 
     </span>
     <span class='ocr_line' id='line_1_9' title="bbox 392 1060 2388 1136; baseline 0.001 -18"><span class='ocrx_word' id='word_1_67' title='bbox 392 1080 531 1136; x_wconf 89' lang='lat' dir='ltr'><strong>ergo</strong></span> <span class='ocrx_word' id='word_1_68' title='bbox 569 1061 789 1120; x_wconf 91' lang='lat' dir='ltr'><strong>utilitas</strong></span> <span class='ocrx_word' id='word_1_69' title='bbox 828 1063 1246 1123; x_wconf 87' lang='lat' dir='ltr'><strong>honestatem?</strong></span> <span class='ocrx_word' id='word_1_70' title='bbox 1330 1065 1528 1122; x_wconf 89' lang='lat' dir='ltr'><strong>Immo</strong></span> <span class='ocrx_word' id='word_1_71' title='bbox 1571 1082 1710 1122; x_wconf 89' lang='lat' dir='ltr'><strong>vero</strong></span> <span class='ocrx_word' id='word_1_72' title='bbox 1753 1065 2031 1122; x_wconf 89' lang='lat' dir='ltr'><strong>honestas</strong></span> <span class='ocrx_word' id='word_1_73' title='bbox 2073 1060 2388 1121; x_wconf 81' lang='lat' dir='ltr'><strong>utilitatem</strong></span> 
     </span>
     <span class='ocr_line' id='line_1_10' title="bbox 390 1169 728 1218; baseline 0.003 -2"><span class='ocrx_word' id='word_1_74' title='bbox 390 1169 591 1217; x_wconf 89' lang='lat' dir='ltr'><strong>secuta</strong></span> <span class='ocrx_word' id='word_1_75' title='bbox 623 1170 728 1218; x_wconf 90' lang='lat' dir='ltr'><strong>est.</strong></span> 
     </span>
    </p>
   </div>
   <div class='ocr_carea' id='block_1_3' title="bbox 389 1320 2398 1713">
    <p class='ocr_par' dir='ltr' id='par_1_3' title="bbox 389 1320 2398 1713">
     <span class='ocr_line' id='line_1_11' title="bbox 389 1320 2398 1386; baseline -0 -17"><span class='ocrx_word' id='word_1_76' title='bbox 389 1322 556 1370; x_wconf 84' lang='lat' dir='ltr'><strong>Hence</strong></span> <span class='ocrx_word' id='word_1_77' title='bbox 592 1322 674 1370; x_wconf 78' lang='lat' dir='ltr'><strong>the</strong></span> <span class='ocrx_word' id='word_1_78' title='bbox 710 1323 941 1385; x_wconf 78' lang='lat' dir='ltr'><strong>necessity</strong></span> <span class='ocrx_word' id='word_1_79' title='bbox 962 1322 1057 1384; x_wconf 86' lang='lat' dir='ltr'><strong>for</strong></span> <span class='ocrx_word' id='word_1_80' title='bbox 1090 1338 1216 1371; x_wconf 83' lang='lat' dir='ltr'><strong>some</strong></span> <span class='ocrx_word' id='word_1_81' title='bbox 1246 1323 1457 1386; x_wconf 81' lang='lat' dir='ltr'><strong>general</strong></span> <span class='ocrx_word' id='word_1_82' title='bbox 1487 1322 1622 1371; x_wconf 84' lang='lat' dir='ltr'><em>Rule</em></span> <span class='ocrx_word' id='word_1_83' title='bbox 1656 1329 1705 1370; x_wconf 88' lang='lat' dir='ltr'><strong>to</strong></span> <span class='ocrx_word' id='word_1_84' title='bbox 1731 1328 1943 1385; x_wconf 80' lang='lat' dir='ltr'><strong>prevent</strong></span> <span class='ocrx_word' id='word_1_85' title='bbox 1982 1337 2044 1369; x_wconf 84' lang='lat' dir='ltr'><strong>us</strong></span> <span class='ocrx_word' id='word_1_86' title='bbox 2068 1320 2213 1385; x_wconf 85' lang='lat' dir='ltr'><strong>from</strong></span> <span class='ocrx_word' id='word_1_87' title='bbox 2250 1320 2398 1385; x_wconf 80' lang='lat' dir='ltr'><em>being</em></span> 
     </span>
     <span class='ocr_line' id='line_1_12' title="bbox 519 1403 2383 1469; baseline 0 -18"><span class='ocrx_word' id='word_1_88' title='bbox 519 1404 700 1452; x_wconf 81' lang='lat' dir='ltr'><em>misled</em></span> <span class='ocrx_word' id='word_1_89' title='bbox 724 1404 785 1466; x_wconf 86' lang='lat' dir='ltr'><strong>by</strong></span> <span class='ocrx_word' id='word_1_90' title='bbox 816 1420 848 1452; x_wconf 92' lang='lat' dir='ltr'><strong>a</strong></span> <span class='ocrx_word' id='word_1_91' title='bbox 864 1404 1001 1468; x_wconf 85' lang='lat' dir='ltr'><strong>salse</strong></span> <span class='ocrx_word' id='word_1_92' title='bbox 1032 1411 1330 1468; x_wconf 81' lang='lat' dir='ltr'><em>appearance</em></span> <span class='ocrx_word' id='word_1_93' title='bbox 1367 1404 1430 1469; x_wconf 78' lang='lat' dir='ltr'><strong>of</strong></span> <span class='ocrx_word' id='word_1_94' title='bbox 1457 1405 1632 1467; x_wconf 80' lang='lat' dir='ltr'><em>utility</em></span> <span class='ocrx_word' id='word_1_95' title='bbox 1664 1405 1721 1452; x_wconf 82' lang='lat' dir='ltr'><strong>in</strong></span> <span class='ocrx_word' id='word_1_96' title='bbox 1756 1420 1858 1467; x_wconf 89' lang='lat' dir='ltr'><strong>any</strong></span> <span class='ocrx_word' id='word_1_97' title='bbox 1890 1404 2103 1452; x_wconf 82' lang='lat' dir='ltr'><strong>occasion</strong></span> <span class='ocrx_word' id='word_1_98' title='bbox 2139 1403 2201 1467; x_wconf 80' lang='lat' dir='ltr'><strong>of</strong></span> <span class='ocrx_word' id='word_1_99' title='bbox 2225 1403 2383 1452; x_wconf 81' lang='lat' dir='ltr'><em>doubt.</em></span> 
     </span>
     <span class='ocr_line' id='line_1_13' title="bbox 527 1483 2391 1551; baseline -0.001 -18"><span class='ocrx_word' id='word_1_100' title='bbox 527 1486 652 1534; x_wconf 73' lang='lat' dir='ltr'><strong>This</strong></span> <span class='ocrx_word' id='word_1_101' title='bbox 680 1486 864 1534; x_wconf 76' lang='lat' dir='ltr'><em>should</em></span> <span class='ocrx_word' id='word_1_102' title='bbox 888 1486 1102 1551; x_wconf 82' lang='lat' dir='ltr'><em>conform</em></span> <span class='ocrx_word' id='word_1_103' title='bbox 1132 1493 1181 1534; x_wconf 90' lang='lat' dir='ltr'><strong>to</strong></span> <span class='ocrx_word' id='word_1_104' title='bbox 1207 1487 1289 1534; x_wconf 75' lang='lat' dir='ltr'><strong>the</strong></span> <span class='ocrx_word' id='word_1_105' title='bbox 1310 1486 1587 1549; x_wconf 82' lang='lat' dir='ltr'><em>principles</em></span> <span class='ocrx_word' id='word_1_106' title='bbox 1617 1486 1679 1550; x_wconf 89' lang='lat' dir='ltr'><strong>of</strong></span> <span class='ocrx_word' id='word_1_107' title='bbox 1698 1486 1778 1534; x_wconf 82' lang='lat' dir='ltr'><strong>the</strong></span> <span class='ocrx_word' id='word_1_108' title='bbox 1807 1485 1991 1534; x_wconf 82' lang='lat' dir='ltr'><em>Stoics:</em></span> <span class='ocrx_word' id='word_1_109' title='bbox 2027 1491 2040 1512; x_wconf 88' lang='lat'>‘</span> <span class='ocrx_word' id='word_1_110' title='bbox 2054 1484 2324 1535; x_wconf 83' lang='lat' dir='ltr'><strong>Whatever</strong></span> <span class='ocrx_word' id='word_1_111' title='bbox 2347 1483 2391 1532; x_wconf 91' lang='lat' dir='ltr'><strong>is</strong></span> 
     </span>
     <span class='ocr_line' id='line_1_14' title="bbox 517 1565 2389 1631; baseline 0 -17"><span class='ocrx_word' id='word_1_112' title='bbox 517 1566 728 1630; x_wconf 89' lang='lat' dir='ltr'><strong>morally</strong></span> <span class='ocrx_word' id='word_1_113' title='bbox 750 1568 897 1631; x_wconf 91' lang='lat' dir='ltr'><strong>good,</strong></span> <span class='ocrx_word' id='word_1_114' title='bbox 927 1566 968 1616; x_wconf 90' lang='lat' dir='ltr'><strong>is</strong></span> <span class='ocrx_word' id='word_1_115' title='bbox 998 1567 1260 1631; x_wconf 89' lang='lat' dir='ltr'><strong>expedient</strong></span> <span class='ocrx_word' id='word_1_116' title='bbox 1275 1565 1289 1590; x_wconf 87' lang='lat'>&#39;</span> <span class='ocrx_word' id='word_1_117' title='bbox 1311 1568 1422 1615; x_wconf 86' lang='lat' dir='ltr'><strong>and</strong></span> <span class='ocrx_word' id='word_1_118' title='bbox 1440 1574 1450 1593; x_wconf 91' lang='lat'>‘</span> <span class='ocrx_word' id='word_1_119' title='bbox 1467 1567 1695 1630; x_wconf 87' lang='lat' dir='ltr'><strong>Nothing</strong></span> <span class='ocrx_word' id='word_1_120' title='bbox 1722 1582 1814 1615; x_wconf 89' lang='lat' dir='ltr'><strong>can</strong></span> <span class='ocrx_word' id='word_1_121' title='bbox 1838 1568 1900 1615; x_wconf 90' lang='lat' dir='ltr'><strong>be</strong></span> <span class='ocrx_word' id='word_1_122' title='bbox 1924 1567 2203 1631; x_wconf 88' lang='lat' dir='ltr'><strong>expedient,</strong></span> <span class='ocrx_word' id='word_1_123' title='bbox 2227 1565 2389 1615; x_wconf 86' lang='lat' dir='ltr'><strong>which</strong></span> 
     </span>
     <span class='ocr_line' id='line_1_15' title="bbox 519 1648 1093 1713; baseline 0.002 -17"><span class='ocrx_word' id='word_1_124' title='bbox 519 1648 560 1698; x_wconf 92' lang='lat' dir='ltr'><strong>is</strong></span> <span class='ocrx_word' id='word_1_125' title='bbox 582 1656 671 1698; x_wconf 93' lang='lat' dir='ltr'><strong>not</strong></span> <span class='ocrx_word' id='word_1_126' title='bbox 692 1649 902 1713; x_wconf 75' lang='lat' dir='ltr'><strong>morally</strong></span> <span class='ocrx_word' id='word_1_127' title='bbox 924 1649 1093 1713; x_wconf 89' lang='lat' dir='ltr'><strong>good.&#39;</strong></span> 
     </span>
    </p>
   </div>
   <div class='ocr_carea' id='block_1_4' title="bbox 388 1764 2482 3016">
    <p class='ocr_par' dir='ltr' id='par_1_4' title="bbox 388 1764 2482 3016">
     <span class='ocr_line' id='line_1_16' title="bbox 514 1764 2482 1843; baseline -0.002 -19"><span class='ocrx_word' id='word_1_128' title='bbox 514 1768 744 1842; x_wconf 89' lang='lat' dir='ltr'><strong>Itaque,</strong></span> <span class='ocrx_word' id='word_1_129' title='bbox 768 1776 835 1825; x_wconf 92' lang='lat' dir='ltr'><strong>ut</strong></span> <span class='ocrx_word' id='word_1_130' title='bbox 863 1765 990 1824; x_wconf 90' lang='lat' dir='ltr'><strong>sine</strong></span> <span class='ocrx_word' id='word_1_131' title='bbox 1020 1768 1142 1824; x_wconf 93' lang='lat' dir='ltr'><strong>ullo</strong></span> <span class='ocrx_word' id='word_1_132' title='bbox 1171 1784 1362 1824; x_wconf 89' lang='lat' dir='ltr'><strong>errore</strong></span> <span class='ocrx_word' id='word_1_133' title='bbox 1385 1764 1711 1825; x_wconf 89' lang='lat' dir='ltr'><strong>diiudicare</strong></span> <span class='ocrx_word' id='word_1_134' title='bbox 1732 1764 2043 1843; x_wconf 73' lang='lat' dir='ltr'><strong>possimne,</strong></span> <span class='ocrx_word' id='word_1_135' title='bbox 2068 1765 2117 1824; x_wconf 91' lang='lat' dir='ltr'><strong>si</strong></span> <span class='ocrx_word' id='word_1_136' title='bbox 2145 1765 2389 1842; x_wconf 87' lang='lat' dir='ltr'><strong>quando</strong></span> <span class='ocrx_word' id='word_1_137' title='bbox 2421 1784 2482 1819; x_wconf 91' lang='lat'><strong>10</strong></span> 
     </span>
     <span class='ocr_line' id='line_1_17' title="bbox 390 1861 2386 1940; baseline -0.002 -16"><span class='ocrx_word' id='word_1_138' title='bbox 390 1883 527 1924; x_wconf 92' lang='lat' dir='ltr'><strong>cum</strong></span> <span class='ocrx_word' id='word_1_139' title='bbox 557 1863 677 1936; x_wconf 89' lang='lat' dir='ltr'><strong>illo,</strong></span> <span class='ocrx_word' id='word_1_140' title='bbox 707 1863 870 1939; x_wconf 90' lang='lat' dir='ltr'><strong>quod</strong></span> <span class='ocrx_word' id='word_1_141' title='bbox 899 1863 1221 1923; x_wconf 92' lang='lat' dir='ltr'><strong>honestum</strong></span> <span class='ocrx_word' id='word_1_142' title='bbox 1250 1861 1663 1939; x_wconf 78' lang='lat' dir='ltr'><strong>intellegimuS,</strong></span> <span class='ocrx_word' id='word_1_143' title='bbox 1695 1881 1955 1940; x_wconf 85' lang='lat' dir='ltr'><strong>pugnare</strong></span> <span class='ocrx_word' id='word_1_144' title='bbox 1985 1861 2047 1921; x_wconf 93' lang='lat' dir='ltr'><strong>id</strong></span> <span class='ocrx_word' id='word_1_145' title='bbox 2074 1861 2386 1934; x_wconf 86' lang='lat' dir='ltr'><strong>videbitur,</strong></span> 
     </span>
     <span class='ocr_line' id='line_1_18' title="bbox 389 1958 2386 2039; baseline -0.002 -17"><span class='ocrx_word' id='word_1_146' title='bbox 389 1963 554 2038; x_wconf 91' lang='lat' dir='ltr'><strong>quod</strong></span> <span class='ocrx_word' id='word_1_147' title='bbox 592 1961 960 2039; x_wconf 87' lang='lat' dir='ltr'><strong>appellamus</strong></span> <span class='ocrx_word' id='word_1_148' title='bbox 1000 1959 1157 2032; x_wconf 89' lang='lat' dir='ltr'><strong>utile,</strong></span> <span class='ocrx_word' id='word_1_149' title='bbox 1201 1960 1452 2019; x_wconf 89' lang='lat' dir='ltr'><strong>formula</strong></span> <span class='ocrx_word' id='word_1_150' title='bbox 1489 1961 1784 2037; x_wconf 84' lang='lat' dir='ltr'><strong>quaedam</strong></span> <span class='ocrx_word' id='word_1_151' title='bbox 1823 1958 2242 2020; x_wconf 91' lang='lat' dir='ltr'><strong>constituenda</strong></span> <span class='ocrx_word' id='word_1_152' title='bbox 2279 1972 2386 2032; x_wconf 86' lang='lat' dir='ltr'><strong>est,</strong></span> 
     </span>
     <span class='ocr_line' id='line_1_19' title="bbox 389 2056 2392 2136; baseline -0.001 -18"><span class='ocrx_word' id='word_1_153' title='bbox 389 2078 567 2135; x_wconf 88' lang='lat' dir='ltr'><strong>quam</strong></span> <span class='ocrx_word' id='word_1_154' title='bbox 610 2057 660 2118; x_wconf 90' lang='lat' dir='ltr'><strong>si</strong></span> <span class='ocrx_word' id='word_1_155' title='bbox 697 2078 1014 2135; x_wconf 87' lang='lat' dir='ltr'><strong>sequemur</strong></span> <span class='ocrx_word' id='word_1_156' title='bbox 1048 2056 1109 2117; x_wconf 90' lang='lat' dir='ltr'><strong>in</strong></span> <span class='ocrx_word' id='word_1_157' title='bbox 1151 2056 1595 2136; x_wconf 89' lang='lat' dir='ltr'><strong>comparatione</strong></span> <span class='ocrx_word' id='word_1_158' title='bbox 1635 2077 1845 2130; x_wconf 89' lang='lat' dir='ltr'><strong>rerum,</strong></span> <span class='ocrx_word' id='word_1_159' title='bbox 1877 2059 1953 2116; x_wconf 90' lang='lat' dir='ltr'><strong>ab</strong></span> <span class='ocrx_word' id='word_1_160' title='bbox 1991 2057 2186 2117; x_wconf 88' lang='lat' dir='ltr'><strong>officio</strong></span> <span class='ocrx_word' id='word_1_161' title='bbox 2224 2078 2392 2117; x_wconf 92' lang='lat' dir='ltr'><strong>num-</strong></span> 
     </span>
     <span class='ocr_line' id='line_1_20' title="bbox 390 2154 2390 2233; baseline -0.002 -17"><span class='ocrx_word' id='word_1_162' title='bbox 390 2176 567 2233; x_wconf 90' lang='lat' dir='ltr'><strong>quam</strong></span> <span class='ocrx_word' id='word_1_163' title='bbox 600 2158 963 2217; x_wconf 89' lang='lat' dir='ltr'><strong>recedemus.</strong></span> <span class='ocrx_word' id='word_1_164' title='bbox 1053 2177 1141 2214; x_wconf 90' lang='lat'><strong>20.</strong></span> <span class='ocrx_word' id='word_1_165' title='bbox 1215 2155 1341 2215; x_wconf 89' lang='lat' dir='ltr'><strong>Erit</strong></span> <span class='ocrx_word' id='word_1_166' title='bbox 1370 2166 1569 2215; x_wconf 90' lang='lat' dir='ltr'><strong>autem</strong></span> <span class='ocrx_word' id='word_1_167' title='bbox 1597 2156 1745 2215; x_wconf 89' lang='lat' dir='ltr'><strong>haec</strong></span> <span class='ocrx_word' id='word_1_168' title='bbox 1774 2156 2026 2214; x_wconf 89' lang='lat' dir='ltr'><strong>formula</strong></span> <span class='ocrx_word' id='word_1_169' title='bbox 2055 2154 2390 2215; x_wconf 89' lang='lat' dir='ltr'><strong>Stoicorum</strong></span> 
     </span>
     <span class='ocr_line' id='line_1_21' title="bbox 389 2252 2477 2333; baseline -0.002 -19"><span class='ocrx_word' id='word_1_170' title='bbox 389 2254 602 2314; x_wconf 89' lang='lat' dir='ltr'><strong>rationi</strong></span> <span class='ocrx_word' id='word_1_171' title='bbox 643 2254 1110 2333; x_wconf 89' lang='lat' dir='ltr'><strong>disciplinaeque</strong></span> <span class='ocrx_word' id='word_1_172' title='bbox 1153 2254 1410 2314; x_wconf 86' lang='lat' dir='ltr'><strong>maxime</strong></span> <span class='ocrx_word' id='word_1_173' title='bbox 1454 2265 1871 2323; x_wconf 87' lang='lat' dir='ltr'><strong>consentanea,</strong></span> <span class='ocrx_word' id='word_1_174' title='bbox 1916 2272 2095 2329; x_wconf 89' lang='lat' dir='ltr'><strong>quam</strong></span> <span class='ocrx_word' id='word_1_175' title='bbox 2145 2252 2387 2329; x_wconf 90' lang='lat' dir='ltr'><strong>quidem</strong></span> <span class='ocrx_word' id='word_1_176' title='bbox 2422 2274 2477 2326; x_wconf 88' lang='lat'><strong>15</strong></span> 
     </span>
     <span class='ocr_line' id='line_1_22' title="bbox 388 2351 2390 2433; baseline -0.001 -19"><span class='ocrx_word' id='word_1_177' title='bbox 388 2354 482 2414; x_wconf 92' lang='lat' dir='ltr'><strong>his</strong></span> <span class='ocrx_word' id='word_1_178' title='bbox 519 2354 681 2414; x_wconf 91' lang='lat' dir='ltr'><strong>libris</strong></span> <span class='ocrx_word' id='word_1_179' title='bbox 720 2366 1032 2433; x_wconf 90' lang='lat' dir='ltr'><strong>propterea</strong></span> <span class='ocrx_word' id='word_1_180' title='bbox 1071 2354 1388 2431; x_wconf 90' lang='lat' dir='ltr'><strong>sequimur,</strong></span> <span class='ocrx_word' id='word_1_181' title='bbox 1421 2354 1601 2430; x_wconf 91' lang='lat' dir='ltr'><strong>quod,</strong></span> <span class='ocrx_word' id='word_1_182' title='bbox 1633 2372 1993 2429; x_wconf 88' lang='lat' dir='ltr'><strong>quamquam</strong></span> <span class='ocrx_word' id='word_1_183' title='bbox 2035 2362 2093 2411; x_wconf 93' lang='lat' dir='ltr'><strong>et</strong></span> <span class='ocrx_word' id='word_1_184' title='bbox 2122 2372 2159 2411; x_wconf 92' lang='lat' dir='ltr'><strong>a</strong></span> <span class='ocrx_word' id='word_1_185' title='bbox 2186 2351 2390 2412; x_wconf 84' lang='lat' dir='ltr'><strong>veten&#39;·</strong></span> 
     </span>
     <span class='ocr_line' id='line_1_23' title="bbox 388 2449 2388 2529; baseline -0.001 -19"><span class='ocrx_word' id='word_1_186' title='bbox 388 2452 501 2511; x_wconf 88' lang='lat' dir='ltr'><strong>bus</strong></span> <span class='ocrx_word' id='word_1_187' title='bbox 560 2451 935 2512; x_wconf 89' lang='lat' dir='ltr'><strong>Academicis</strong></span> <span class='ocrx_word' id='word_1_188' title='bbox 992 2463 1049 2511; x_wconf 92' lang='lat' dir='ltr'><strong>et</strong></span> <span class='ocrx_word' id='word_1_189' title='bbox 1105 2471 1141 2510; x_wconf 91' lang='lat' dir='ltr'><strong>a</strong></span> <span class='ocrx_word' id='word_1_190' title='bbox 1198 2450 1603 2529; x_wconf 87' lang='lat' dir='ltr'><strong>Peripateticis</strong></span> <span class='ocrx_word' id='word_1_191' title='bbox 1650 2449 1872 2521; x_wconf 79' lang='lat' dir='ltr'><strong>vestriS‚</strong></span> <span class='ocrx_word' id='word_1_192' title='bbox 1926 2449 2029 2526; x_wconf 91' lang='lat' dir='ltr'><strong>qui</strong></span> <span class='ocrx_word' id='word_1_193' title='bbox 2082 2451 2388 2526; x_wconf 87' lang='lat' dir='ltr'><strong>quondam</strong></span> 
     </span>
     <span class='ocr_line' id='line_1_24' title="bbox 388 2548 2391 2626; baseline -0.001 -18"><span class='ocrx_word' id='word_1_194' title='bbox 388 2549 550 2609; x_wconf 88' lang='lat' dir='ltr'><strong>idem</strong></span> <span class='ocrx_word' id='word_1_195' title='bbox 579 2561 744 2609; x_wconf 90' lang='lat' dir='ltr'><strong>erant</strong></span> <span class='ocrx_word' id='word_1_196' title='bbox 774 2548 876 2624; x_wconf 92' lang='lat' dir='ltr'><strong>qui</strong></span> <span class='ocrx_word' id='word_1_197' title='bbox 904 2548 1266 2623; x_wconf 88' lang='lat' dir='ltr'><strong>Academici,</strong></span> <span class='ocrx_word' id='word_1_198' title='bbox 1297 2568 1453 2626; x_wconf 90' lang='lat' dir='ltr'><strong>quae</strong></span> <span class='ocrx_word' id='word_1_199' title='bbox 1480 2551 1736 2607; x_wconf 89' lang='lat' dir='ltr'><strong>honesta</strong></span> <span class='ocrx_word' id='word_1_200' title='bbox 1764 2557 1916 2619; x_wconf 90' lang='lat' dir='ltr'><strong>sunt,</strong></span> <span class='ocrx_word' id='word_1_201' title='bbox 1947 2558 2391 2624; x_wconf 91' lang='lat' dir='ltr'><strong>anteponuntur</strong></span> 
     </span>
     <span class='ocr_line' id='line_1_25' title="bbox 391 2641 2389 2722; baseline -0.003 -16"><span class='ocrx_word' id='word_1_202' title='bbox 391 2646 476 2706; x_wconf 89' lang='lat' dir='ltr'><strong>eis</strong></span> <span class='ocrx_word' id='word_1_203' title='bbox 503 2665 659 2722; x_wconf 91' lang='lat' dir='ltr'><strong>quae</strong></span> <span class='ocrx_word' id='word_1_204' title='bbox 684 2645 961 2705; x_wconf 90' lang='lat' dir='ltr'><strong>videntur</strong></span> <span class='ocrx_word' id='word_1_205' title='bbox 990 2645 1171 2718; x_wconf 88' lang='lat' dir='ltr'><strong>utilia,</strong></span> <span class='ocrx_word' id='word_1_206' title='bbox 1204 2658 1406 2704; x_wconf 90' lang='lat' dir='ltr'><strong>tamen</strong></span> <span class='ocrx_word' id='word_1_207' title='bbox 1446 2643 1815 2722; x_wconf 88' lang='lat' dir='ltr'><strong>splendidius</strong></span> <span class='ocrx_word' id='word_1_208' title='bbox 1853 2645 2002 2703; x_wconf 89' lang='lat' dir='ltr'><strong>haec</strong></span> <span class='ocrx_word' id='word_1_209' title='bbox 2040 2646 2116 2702; x_wconf 89' lang='lat' dir='ltr'><strong>ab</strong></span> <span class='ocrx_word' id='word_1_210' title='bbox 2155 2643 2239 2703; x_wconf 92' lang='lat' dir='ltr'><strong>eis</strong></span> <span class='ocrx_word' id='word_1_211' title='bbox 2276 2641 2389 2701; x_wconf 90' lang='lat' dir='ltr'><strong>dis-</strong></span> 
     </span>
     <span class='ocr_line' id='line_1_26' title="bbox 390 2737 2481 2819; baseline -0.002 -15"><span class='ocrx_word' id='word_1_212' title='bbox 390 2755 679 2814; x_wconf 86' lang='lat' dir='ltr'><strong>seruntur,</strong></span> <span class='ocrx_word' id='word_1_213' title='bbox 723 2742 955 2818; x_wconf 79' lang='lat' dir='ltr'><strong>quibuS,</strong></span> <span class='ocrx_word' id='word_1_214' title='bbox 1003 2742 1353 2819; x_wconf 89' lang='lat' dir='ltr'><strong>quidquid</strong></span> <span class='ocrx_word' id='word_1_215' title='bbox 1397 2744 1768 2801; x_wconf 89' lang='lat' dir='ltr'><strong>honestum</strong></span> <span class='ocrx_word' id='word_1_216' title='bbox 1813 2752 1942 2810; x_wconf 89' lang='lat' dir='ltr'><strong>est,</strong></span> <span class='ocrx_word' id='word_1_217' title='bbox 1988 2737 2168 2800; x_wconf 82' lang='lat' dir='ltr'><strong>idem</strong></span> <span class='ocrx_word' id='word_1_218' title='bbox 2214 2742 2388 2800; x_wconf 91' lang='lat' dir='ltr'><strong>utile</strong></span> <span class='ocrx_word' id='word_1_219' title='bbox 2415 2757 2481 2792; x_wconf 88' lang='lat'><strong>20</strong></span> 
     </span>
     <span class='ocr_line' id='line_1_27' title="bbox 389 2839 2384 2916; baseline -0.003 -16"><span class='ocrx_word' id='word_1_220' title='bbox 389 2842 620 2901; x_wconf 86' lang='lat' dir='ltr'><strong>videtur</strong></span> <span class='ocrx_word' id='word_1_221' title='bbox 675 2860 803 2900; x_wconf 90' lang='lat' dir='ltr'><strong>nec</strong></span> <span class='ocrx_word' id='word_1_222' title='bbox 858 2839 1035 2899; x_wconf 90' lang='lat' dir='ltr'><strong>utile</strong></span> <span class='ocrx_word' id='word_1_223' title='bbox 1090 2839 1492 2916; x_wconf 85' lang='lat' dir='ltr'><strong>quicquam,</strong></span> <span class='ocrx_word' id='word_1_224' title='bbox 1544 2839 1733 2915; x_wconf 92' lang='lat' dir='ltr'><strong>quod</strong></span> <span class='ocrx_word' id='word_1_225' title='bbox 1788 2858 1923 2898; x_wconf 91' lang='lat' dir='ltr'><strong>non</strong></span> <span class='ocrx_word' id='word_1_226' title='bbox 1983 2839 2384 2909; x_wconf 87' lang='lat' dir='ltr'><strong>honestum,</strong></span> 
     </span>
     <span class='ocr_line' id='line_1_28' title="bbox 390 2935 2388 3016; baseline -0.002 -18"><span class='ocrx_word' id='word_1_227' title='bbox 390 2960 567 3016; x_wconf 89' lang='lat' dir='ltr'><strong>quam</strong></span> <span class='ocrx_word' id='word_1_228' title='bbox 608 2941 684 2998; x_wconf 93' lang='lat' dir='ltr'><strong>ab</strong></span> <span class='ocrx_word' id='word_1_229' title='bbox 730 2937 831 3011; x_wconf 72' lang='grc' dir='ltr'><strong>εἰς,</strong></span> <span class='ocrx_word' id='word_1_230' title='bbox 864 2938 1080 3015; x_wconf 88' lang='lat' dir='ltr'><strong>quibus</strong></span> <span class='ocrx_word' id='word_1_231' title='bbox 1121 2949 1180 2997; x_wconf 92' lang='lat' dir='ltr'><strong>et</strong></span> <span class='ocrx_word' id='word_1_232' title='bbox 1217 2940 1534 2997; x_wconf 90' lang='lat' dir='ltr'><strong>honestum</strong></span> <span class='ocrx_word' id='word_1_233' title='bbox 1576 2936 1800 3013; x_wconf 88' lang='lat' dir='ltr'><strong>aliquid</strong></span> <span class='ocrx_word' id='word_1_234' title='bbox 1837 2957 1957 2997; x_wconf 91' lang='lat' dir='ltr'><strong>non</strong></span> <span class='ocrx_word' id='word_1_235' title='bbox 1986 2938 2129 2997; x_wconf 88' lang='lat' dir='ltr'><strong>utile</strong></span> <span class='ocrx_word' id='word_1_236' title='bbox 2157 2948 2214 2996; x_wconf 92' lang='lat' dir='ltr'><strong>et</strong></span> <span class='ocrx_word' id='word_1_237' title='bbox 2246 2935 2388 2996; x_wconf 88' lang='lat' dir='ltr'><strong>utile</strong></span> 
     </span>
    </p>
   </div>
   <div class='ocr_carea' id='block_1_5' title="bbox 387 3123 2393 3589">
    <p class='ocr_par' dir='ltr' id='par_1_5' title="bbox 387 3123 2393 3589">
     <span class='ocr_line' id='line_1_29' title="bbox 489 3123 2391 3181; baseline -0.005 -1"><span class='ocrx_word' id='word_1_238' title='bbox 489 3132 518 3180; x_wconf 91' lang='lat'>8</span> <span class='ocrx_word' id='word_1_239' title='bbox 555 3130 709 3178; x_wconf 89' lang='lat' dir='ltr'><strong>immo</strong></span> <span class='ocrx_word' id='word_1_240' title='bbox 749 3144 868 3178; x_wconf 89' lang='lat' dir='ltr'><strong>vero</strong></span> <span class='ocrx_word' id='word_1_241' title='bbox 912 3128 1145 3177; x_wconf 89' lang='lat' dir='ltr'><strong>honestas</strong></span> <span class='ocrx_word' id='word_1_242' title='bbox 1191 3127 1459 3176; x_wconf 88' lang='lat' dir='ltr'><strong>utilitatem</strong></span> <span class='ocrx_word' id='word_1_243' title='bbox 1503 3134 1670 3176; x_wconf 90' lang='lat' dir='ltr'><strong>secuta</strong></span> <span class='ocrx_word' id='word_1_244' title='bbox 1706 3127 1791 3175; x_wconf 85' lang='lat' dir='ltr'><strong>vel</strong></span> <span class='ocrx_word' id='word_1_245' title='bbox 1830 3133 2092 3175; x_wconf 85' lang='lat' dir='ltr'><strong>consecuta</strong></span> <span class='ocrx_word' id='word_1_246' title='bbox 2130 3131 2205 3174; x_wconf 86' lang='lat' dir='ltr'><strong>est</strong></span> <span class='ocrx_word' id='word_1_247' title='bbox 2239 3123 2391 3181; x_wconf 65' lang='lat' dir='ltr'><em>codd„</em></span> 
     </span>
     <span class='ocr_line' id='line_1_30' title="bbox 389 3209 2388 3272; baseline -0.003 -11"><span class='ocrx_word' id='word_1_248' title='bbox 389 3210 511 3262; x_wconf 78' lang='lat' dir='ltr'><strong>Mu²</strong></span> <span class='ocrx_word' id='word_1_249' title='bbox 524 3230 540 3272; x_wconf 88' lang='lat'>;</span> <span class='ocrx_word' id='word_1_250' title='bbox 574 3212 728 3261; x_wconf 89' lang='lat' dir='ltr'><strong>immo</strong></span> <span class='ocrx_word' id='word_1_251' title='bbox 761 3227 879 3260; x_wconf 83' lang='lat' dir='ltr'><strong>vero</strong></span> <span class='ocrx_word' id='word_1_252' title='bbox 914 3211 1147 3259; x_wconf 90' lang='lat' dir='ltr'><strong>honestas</strong></span> <span class='ocrx_word' id='word_1_253' title='bbox 1173 3209 1470 3258; x_wconf 83' lang='lat' dir='ltr'><strong>utilitatem:</strong></span> <span class='ocrx_word' id='word_1_254' title='bbox 1505 3217 1560 3258; x_wconf 92' lang='lat' dir='ltr'><strong>ut</strong></span> <span class='ocrx_word' id='word_1_255' title='bbox 1584 3209 1769 3258; x_wconf 89' lang='lat' dir='ltr'><strong>utilitas</strong></span> <span class='ocrx_word' id='word_1_256' title='bbox 1790 3209 2101 3258; x_wconf 87' lang='lat' dir='ltr'><strong>honestatem</strong></span> <span class='ocrx_word' id='word_1_257' title='bbox 2126 3214 2293 3256; x_wconf 88' lang='lat' dir='ltr'><strong>secuta</strong></span> <span class='ocrx_word' id='word_1_258' title='bbox 2315 3215 2388 3255; x_wconf 91' lang='lat' dir='ltr'><strong>est</strong></span> 
     </span>
     <span class='ocr_line' id='line_1_31' title="bbox 397 3289 2388 3358; baseline -0.004 -14"><span class='ocrx_word' id='word_1_259' title='bbox 397 3297 624 3358; x_wconf 79' lang='lat' dir='ltr'><em>Ungerus</em></span> <span class='ocrx_word' id='word_1_260' title='bbox 643 3294 747 3343; x_wconf 90' lang='lat' dir='ltr'><em>coll.</em></span> <span class='ocrx_word' id='word_1_261' title='bbox 778 3294 1003 3342; x_wconf 82' lang='lat' dir='ltr'><strong>Ambros.</strong></span> <span class='ocrx_word' id='word_1_262' title='bbox 1026 3293 1084 3341; x_wconf 86' lang='lat' dir='ltr'><strong>de</strong></span> <span class='ocrx_word' id='word_1_263' title='bbox 1102 3292 1182 3355; x_wconf 72' lang='lat' dir='ltr'><strong>qffi</strong></span> <span class='ocrx_word' id='word_1_264' title='bbox 1207 3304 1273 3341; x_wconf 86' lang='lat'><strong>111</strong></span> <span class='ocrx_word' id='word_1_265' title='bbox 1300 3308 1349 3358; x_wconf 90' lang='lat'><strong>9,</strong></span> <span class='ocrx_word' id='word_1_266' title='bbox 1376 3290 1466 3350; x_wconf 76' lang='lat'><strong>603</strong></span> <span class='ocrx_word' id='word_1_267' title='bbox 1499 3292 1731 3340; x_wconf 88' lang='lat' dir='ltr'><strong>honestas</strong></span> <span class='ocrx_word' id='word_1_268' title='bbox 1754 3291 2044 3339; x_wconf 88' lang='lat' dir='ltr'><strong>utilitatem:</strong></span> <span class='ocrx_word' id='word_1_269' title='bbox 2077 3289 2388 3338; x_wconf 87' lang='lat' dir='ltr'><strong>honestatem</strong></span> 
     </span>
     <span class='ocr_line' id='line_1_32' title="bbox 389 3371 2387 3444; baseline -0.004 -19"><span class='ocrx_word' id='word_1_270' title='bbox 389 3376 576 3425; x_wconf 87' lang='lat' dir='ltr'><strong>utilitas</strong></span> <span class='ocrx_word' id='word_1_271' title='bbox 598 3383 767 3444; x_wconf 75' lang='lat' dir='ltr'><strong>secuta</strong></span> <span class='ocrx_word' id='word_1_272' title='bbox 788 3382 861 3424; x_wconf 91' lang='lat' dir='ltr'><strong>est</strong></span> <span class='ocrx_word' id='word_1_273' title='bbox 885 3377 966 3423; x_wconf 87' lang='lat' dir='ltr'><strong>Ba</strong></span> <span class='ocrx_word' id='word_1_274' title='bbox 989 3375 1155 3423; x_wconf 85' lang='lat' dir='ltr'><strong>Heine</strong></span> <span class='ocrx_word' id='word_1_275' title='bbox 1177 3372 1295 3422; x_wconf 83' lang='lat' dir='ltr'><strong>Mu¹</strong></span> <span class='ocrx_word' id='word_1_276' title='bbox 1332 3378 1351 3432; x_wconf 88' lang='grc' dir='ltr'><strong>ΙΙ</strong></span> <span class='ocrx_word' id='word_1_277' title='bbox 1399 3376 1455 3423; x_wconf 83' lang='grc' dir='ltr'><strong>ι8</strong></span> <span class='ocrx_word' id='word_1_278' title='bbox 1490 3374 1574 3438; x_wconf 89' lang='lat' dir='ltr'><strong>qui</strong></span> <span class='ocrx_word' id='word_1_279' title='bbox 1607 3372 1894 3423; x_wconf 88' lang='lat' dir='ltr'><strong>Academici</strong></span> <span class='ocrx_word' id='word_1_280' title='bbox 1929 3379 2097 3420; x_wconf 88' lang='lat' dir='ltr'><strong>contra</strong></span> <span class='ocrx_word' id='word_1_281' title='bbox 2130 3371 2257 3419; x_wconf 84' lang='lat' dir='ltr'><strong>codd.</strong></span> <span class='ocrx_word' id='word_1_282' title='bbox 2292 3386 2387 3419; x_wconf 88' lang='lat' dir='ltr'><strong>om.</strong></span> 
     </span>
     <span class='ocr_line' id='line_1_33' title="bbox 397 3452 2393 3521; baseline -0.003 -15"><span class='ocrx_word' id='word_1_283' title='bbox 397 3458 472 3507; x_wconf 82' lang='lat' dir='ltr'><strong>Or</strong></span> <span class='ocrx_word' id='word_1_284' title='bbox 508 3458 553 3505; x_wconf 93' lang='lat' dir='ltr'><em>Z</em></span> <span class='ocrx_word' id='word_1_285' title='bbox 581 3458 655 3505; x_wconf 87' lang='lat' dir='ltr'><strong>Be</strong></span> <span class='ocrx_word' id='word_1_286' title='bbox 722 3460 740 3514; x_wconf 91' lang='grc' dir='ltr'><strong>ΙΙ</strong></span> <span class='ocrx_word' id='word_1_287' title='bbox 814 3471 871 3521; x_wconf 90' lang='lat'><strong>19</strong></span> <span class='ocrx_word' id='word_1_288' title='bbox 905 3455 1205 3505; x_wconf 84' lang='lat' dir='ltr'><strong>disserentur</strong></span> <span class='ocrx_word' id='word_1_289' title='bbox 1238 3454 1502 3504; x_wconf 80' lang='lat' dir='ltr'><em>Fabritius</em></span> <span class='ocrx_word' id='word_1_290' title='bbox 1535 3457 1615 3504; x_wconf 88' lang='lat' dir='ltr'><strong>Ba</strong></span> <span class='ocrx_word' id='word_1_291' title='bbox 1648 3470 1758 3504; x_wconf 85' lang='lat' dir='ltr'><strong>cum</strong></span> <span class='ocrx_word' id='word_1_292' title='bbox 1791 3454 1939 3513; x_wconf 66' lang='lat' dir='ltr'><em>codd„</em></span> <span class='ocrx_word' id='word_1_293' title='bbox 1977 3453 2280 3503; x_wconf 82' lang='lat' dir='ltr'><strong>disseruntur</strong></span> <span class='ocrx_word' id='word_1_294' title='bbox 2319 3452 2393 3501; x_wconf 86' lang='lat' dir='ltr'><strong>Or</strong></span> 
     </span>
     <span class='ocr_line' id='line_1_34' title="bbox 387 3536 1230 3589; baseline -0.004 0"><span class='ocrx_word' id='word_1_295' title='bbox 387 3539 552 3589; x_wconf 82' lang='lat' dir='ltr'><strong>Heine</strong></span> <span class='ocrx_word' id='word_1_296' title='bbox 574 3541 673 3588; x_wconf 86' lang='lat' dir='ltr'><strong>Mu</strong></span> <span class='ocrx_word' id='word_1_297' title='bbox 697 3538 973 3587; x_wconf 82' lang='lat' dir='ltr'><strong>Sabbadz&#39;ni</strong></span> <span class='ocrx_word' id='word_1_298' title='bbox 990 3554 1026 3586; x_wconf 89' lang='lat' dir='ltr'><strong>c.</strong></span> <span class='ocrx_word' id='word_1_299' title='bbox 1056 3536 1152 3587; x_wconf 84' lang='lat' dir='ltr'><strong>cod.</strong></span> <span class='ocrx_word' id='word_1_300' title='bbox 1176 3541 1230 3586; x_wconf 81' lang='grc' dir='ltr'><strong>Μ</strong></span> 
     </span>
    </p>
   </div>
   <div class='ocr_carea' id='block_1_6' title="bbox 2662 281 2667 899">
    <p class='ocr_par' dir='ltr' id='par_1_6' title="bbox 2662 281 2667 899">
     <span class='ocr_line' id='line_1_35' title="bbox 2662 281 2667 899; baseline 0 0"><span class='ocrx_word' id='word_1_301' title='bbox 2662 281 2667 899; x_wconf 95' lang='lat' dir='ltr'><strong> </strong></span> 
     </span>
    </p>
   </div>
  </div>
 </body>
</html>
