2685 3938
312 206 416 264 III
449 222 658 263 xxxm
698 205 840 286 117]
924 208 1021 265 De
1059 207 1406 266 contentione
1442 207 1694 265 Honesti
1727 214 1783 264 et
1833 207 2010 266 Ulilt's
2119 247 2122 250 -
2239 223 2312 282 53

306 378 631 452 historiam,
662 379 862 454 plures
901 378 982 437 ait
1009 376 1188 437 fuisse
1226 376 1331 453 qui
1374 376 1437 436 in
1474 386 1665 435 castra
1697 375 2071 435 revertissent
2100 375 2314 434 eadem

306 478 528 547 fraude,
580 485 645 536 ut
693 476 817 535 iure
864 475 1117 536 iurando
1165 475 1568 545 liberarentur,
1617 493 1840 550 eosque
1886 494 1922 532 a
1967 473 2313 533 censoribus

308 572 588 633 omnibus
618 571 955 650 ignominiis
978 583 1232 634 notatos.
1321 572 1409 632 Sit
1440 573 1556 630 iam
1586 573 1757 630 huius
1787 570 1904 631 loci
1931 572 2080 630 finis·

317 740 472 789 There
505 755 598 789 can
632 740 687 789 be
716 756 781 788 no
814 741 925 788 real
953 740 1272 803 Expediency
1302 742 1361 787 in
1396 754 1541 787 mean
1572 738 1684 787 and
1706 740 1948 803 cowardly
1978 740 2191 800 conduct,
2233 739 2314 789 tlte

926 838 1114 872 reverse
1144 822 1208 887 os
1225 823 1338 871 that
1368 822 1429 886 of
1452 822 1686 885 Regulus.

431 945 820 1024 Perspicuum
869 958 958 1006 est
1007 944 1169 1006 enim
1219 965 1307 1018 ea,
1354 965 1507 1022 quae
1559 944 1770 1006 timido
1818 945 2038 1020 animo,
2082 943 2308 1020 humili,

307 1046 570 1107 demisso
625 1047 931 1122 fractoque
985 1046 1410 1122 fiant,—quale
1457 1042 1660 1104 fuisset
1711 1045 1926 1122 Reguli
1975 1046 2214 1117 factum,
2261 1044 2308 1105 si
2338 1067 2367 1122 5

305 1157 410 1205 aut
445 1144 524 1204 de
561 1142 810 1219 captivis
848 1144 1011 1218 quod
1049 1140 1163 1218 ipsi
1193 1160 1349 1219 opus
1376 1160 1507 1201 esse
1535 1140 1849 1214 videretur,
1880 1162 2004 1202 non
2032 1144 2197 1218 quod
2227 1142 2310 1201 rei

305 1241 601 1319 publicae,
630 1240 959 1311 censuisset
986 1250 1086 1299 aut
1115 1239 1278 1299 domi
1309 1259 1615 1300 remanere
1643 1240 2148 1314 voluisset‚—non
2178 1260 2310 1301 esse

306 1339 490 1413 utilia,
520 1340 661 1418 quia
688 1339 804 1399 sint
832 1338 1136 1416 flagitiosa,
1171 1339 1367 1412 foeda,
1400 1339 1607 1416 turpia.

305 1506 366 1557 C.
448 1505 649 1554 Where
668 1503 837 1568 salse
866 1504 1246 1567 Expediency
1277 1520 1455 1553 comes
1493 1504 1621 1553 into
1658 1505 1932 1554 collisz'on
1964 1505 2112 1554 with
2163 1506 2307 1555 Tem·

422 1596 693 1651 perance.

311 1672 433 1722 nis
461 1686 556 1720 can
583 1672 702 1735 only
729 1672 782 1719 be
809 1671 891 1720 the
918 1687 1022 1720 case
1050 1688 1115 1720 on
1142 1671 1445 1735 supposition
1473 1671 1535 1736 of
1553 1671 1635 1721 the
1662 1672 1949 1735 Epicurean
1976 1671 2146 1734 theory
2171 1671 2318 1736 being

433 1763 561 1814 true,
601 1754 716 1803 that
752 1756 999 1818 ‘pleasure
1038 1757 1083 1802 is
1123 1755 1205 1804 the
1246 1770 1495 1804 summum
1539 1754 1743 1811 bonum,
1782 1754 1892 1802 and
1925 1754 2093 1802 virtue
2133 1770 2185 1803 so
2211 1754 2314 1818 far

433 1837 670 1885 desirable
695 1853 754 1885 as
787 1838 833 1886 it
859 1837 905 1885 is
931 1837 1192 1885 conducive
1219 1844 1268 1886 to
1298 1834 1426 1886 this’
1439 1852 1459 1885 .·
1490 1854 1522 1885 a
1550 1838 1766 1887 doctrine
1793 1837 1954 1885 which
1985 1838 2032 1886 is
2048 1838 2242 1900 proved
2263 1844 2312 1887 to

433 1920 485 1968 be
507 1920 566 1968 in
586 1920 738 1969 direct
756 1921 1109 1969 contradiction
1130 1927 1179 1971 to
1198 1920 1280 1969 the
1285 1919 1419 1986 four
1435 1936 1624 1969 sources
1642 1919 1703 1986 of
1712 1920 1793 1969 tlte
1811 1921 2090 1977 honestum,
2113 1920 2231 1978 viz„

24 2051 274 2101 XXXIII
433 2041 560 2098 116.
650 2041 861 2099 Restat
914 2050 1123 2117 quarta
1175 2059 1326 2118 parS,
1381 2060 1534 2116 quae
1592 2043 1826 2113 decore,
1878 2040 2305 2113 moderatione,

304 2138 615 2212 modestia,
639 2139 1027 2211 continentia,
1050 2139 1444 2215 temperantia
1472 2138 1819 2199 continetur.
1905 2141 2110 2199 Potest
2138 2137 2311 2216 igitur
2342 2161 2401 2196 10

303 2234 628 2312 quicquam
668 2236 812 2294 utile
855 2255 1000 2309 esse,
1043 2238 1208 2313 quod
1251 2237 1327 2297 sit
1367 2236 1510 2297 huic
1553 2236 1758 2297 talium
1801 2237 2082 2297 virtutum
2125 2239 2310 2296 choro

303 2333 711 2394 contrarium?
789 2337 869 2393 At
898 2333 999 2410 qui
1028 2334 1105 2393 ab
1137 2333 1444 2412 Aristippo
1467 2334 1777 2412 Cyrenaici
1806 2345 1985 2411 atque
2008 2333 2308 2395 Annicerii

304 2430 644 2509 philosophi
689 2431 980 2491 nominati
1027 2451 1205 2492 omne
1256 2434 1481 2492 bonum
1529 2431 1590 2491 in
1636 2435 1941 2509 voluptate
1984 2444 2310 2511 posuerunt

303 2530 703 2607 virtutemque
740 2542 1100 2590 censuerunt
1138 2533 1219 2591 ob
1259 2551 1389 2590 eam
1423 2552 1546 2591 rem
1576 2551 1707 2592 esse
1734 2532 2111 2604 laudandam,
2144 2532 2307 2607 quod

306 2626 566 2688 efficiens
615 2638 771 2688 esset
815 2628 1137 2705 voluptatis
1184 2626 1429 2707 (quibus
1476 2629 1758 2690 obsoletis
1803 2630 1971 2689 floret
2020 2627 2307 2706 Epicurus
2340 2654 2398 2706 15

306 2727 572 2787 eiusdem
618 2729 737 2787 fere
780 2728 1014 2787 adiutor
1054 2738 1379 2803 auctorque
1421 2726 1788 2801 sententiae),
1831 2747 1967 2786 cum
2005 2727 2098 2787 his
2140 2727 2307 2787 ‘viris

305 2824 632 2901 equisque,'
681 2835 745 2883 ut
793 2824 1024 2895 dicitur,
1059 2822 1123 2883 .si
1166 2825 1540 2884 honestatem
1583 2825 1730 2884 tueri
1777 2843 1848 2883 ac
1889 2824 2139 2885 retinere
2180 2844 2307 2885 sen-

305 2921 493 2982 tentia
555 2932 661 2995 est,
720 2921 1144 2981 decertandum
1203 2932 1309 2980 est.
1419 2937 1549 2995 117.
1624 2922 1782 2980 Nam
1838 2920 1888 2980 si
1942 2941 2065 2980 non
2123 2923 2307 2981 modo

304 3018 543 3090 utilitaS,
590 3020 698 3078 sed
746 3018 869 3077 vita
916 3016 1111 3077 omnis
1156 3019 1331 3078 beata
1373 3016 1633 3094 corporis
1674 3019 1841 3076 firma
1883 3018 2308 3079 constitutione

306 3118 552 3192 eiusque
588 3114 1027 3175 constitutionis
1065 3133 1171 3190 spe
1210 3116 1527 3191 explorata,
1568 3126 1632 3175 ut
1669 3135 1704 3173 a
1745 3117 2095 3175 Metrodoro
2133 3115 2306 3193 scrip·
2334 3139 2399 3176 20

305 3226 432 3275 tum
475 3227 580 3285 est,
613 3212 968 3286 continetur,
998 3223 1159 3272 certe
1197 3213 1348 3272 haec
1383 3212 1604 3272 utilitas
1635 3224 1694 3272 et
1722 3212 1965 3289 quidem
1995 3232 2305 3273 summa—

305 3310 390 3370 sic
421 3309 578 3370 enim
610 3321 1071 3369 censent—cum
1102 3310 1412 3369 honestate
1442 3310 1746 3387 pugnabit.

926 3506 982 3552 ¹4
1014 3491 1410 3540 conlaudandam
1436 3490 1517 3538 Ba
1539 3491 1702 3538 Heine
